coffee_name,total_score,roaster_location,coffee_origin,roast_level,agtron,est._price,country,prices_raw,ounces_raw,price,ounces,price_per_ounces,agtron_whole,agtron_ground,Price Vs Score
Wilton Benitez Pink Bourbon Colombia,98,"Madison, Wisconsin","Piendamo, Cauca Department, Colombia",Medium-Light,62/78,$20.00/8 ounces,Colombia,$20.00 ,8 ounces,20,8,2.5,62,78,-0.238%
Elida Estate Geisha Green-Tip Natural,98,"Boulder, Colorado","Boquete growing region, western Panama",Medium-Light,54/78,$100.00/21 grams,western Panama,$100.00 ,21 grams,100,0.740753805,134.997619,54,78,
GW03 Princesa Carmen Geisha,98,"Yilan, Taiwan","Paso Ancho, Panama",Medium-Light,58/74,"NT$ 2,500/20 grams",Panama,"NT$ 2,500",20 grams,2500,0.705479814,3543.6875,58,74,
Finca Sophia Gesha Washed,98,"San Rafael, California","Nueva Suiza, Chiriquí, Panama",Medium-Light,58/76,$50.00/4 ounces,Panama,$50.00 ,4 ounces,50,4,12.5,58,76,
Kahiko Orange,98,"Holualoa, Hawai’i","Holualoa, North Kona growing district, “Big Island” of Hawai’i",Medium-Light,54/84,$99.95/8 ounces,“Big Island” of Hawai’i,$99.95 ,8 ounces,99.95,8,12.49375,54,84,
GW01 Finca Sophia Olympus Geisha,98,"Yilan, Taiwan","Nueva Suiza, Chiriquí, Panama",Medium-Light,58/76,"NT $5,000/20 grams",Panama,"NT $5,000",20 grams,5000,0.705479814,7087.375,58,76,
Yemen Haraaz Red Mahal Aqeeq ul Station Natural,97,"Topeka, Kansas","Sharqi, Haraaz, Yemen",Medium-Light,58/76,$35.00/8 ounces,Yemen,$35.00 ,8 ounces,35,8,4.375,58,76,
Roastmaster’s Reserve Esmeralda,97,"Minneapolis, Minnesota","Boquete growing region, western Panama",Medium,52/66,$19.99/8 ounces,western Panama,$19.99 ,8 ounces,19.99,8,2.49875,52,66,
Panama Geisha Vuelta DRD Natural Lot GN-01,97,"Hilo, Hawai’i Island, Hawai’i","Boquete growing region, western Panama",Light,64/88,$400.00/20 grams,western Panama,$400.00 ,20 grams,400,0.705479814,566.99,64,88,
Washed Geisha Hacienda La Esmeralda Jaramillo Special,97,"Boulder, Colorado","Boquete growing region, Panama",Medium-Light,56/76,$125.00/4 ounces; limited availability,Panama,$125.00 ,4 ounces; limited availability,125,4,31.25,56,76,
Perci Red Panama Gesha,97,"Lee, Massachusetts","Silla Del Pando, Volcan, Panama.",Medium,52/67,$75.95/16 ounces,Panama.,$75.95 ,16 ounces,75.95,16,4.746875,52,67,
Laura’s Reserve SL34,97,"Holualoa, Hawai’i","Holualoa, North Kona growing district, “Big Island” of Hawai’i",Light,62/80,$69.95/8 ounces,“Big Island” of Hawai’i,$69.95 ,8 ounces,69.95,8,8.74375,62,80,
Finca La Mula Panama Geisha,97,"Madison, Wisconsin","Chiriqui, western Panama.",Medium,52/66,$59.95/8 ounces,western Panama.,$59.95 ,8 ounces,59.95,8,7.49375,52,66,
Ninety Plus Gesha Estates Limited Batch #227,97,"Madison, Wisconsin","Chiriqui Province, far western Panama",Light,67/97,$68.50/4 ounces,far western Panama,$68.50 ,4 ounces,68.5,4,17.125,67,97,
100% Kona SL-28,97,"Holualoa, Hawaii","Holualoa, North Kona growing district, “Big Island” of Hawaii",Medium-Light,56/78,$74.95/8 ounces,“Big Island” of Hawaii,$74.95 ,8 ounces,74.95,8,9.36875,56,78,
Testi Ayla Double Ethiopia,97,"Lee, Massachusetts","Sidama Zone, Oromia Region, Ethiopia",Light,64/86,$54.95/12 ounces,Ethiopia,$54.95 ,12 ounces,54.95,12,4.579166667,64,86,
Kenya Guama Peaberry,97,"San Diego, California",South-central Kenya,Medium-Light,56/78,$23.99/12 ounces,South-central Kenya,$23.99 ,12 ounces,23.99,12,1.999166667,56,78,
Kona Pointu®,97,"Holualoa, Hawai’i","Holualoa, North Kona growing district, “Big Island” of Hawai’i",Medium-Light,52/72,$69.95/8 ounces,“Big Island” of Hawai’i,$69.95 ,8 ounces,69.95,8,8.74375,52,72,
Kenya Karindundu AA Small Lot Reserve,97,"Boulder, Colorado","Nyeri growing region, south-central Kenya",Medium-Light,54/78,$18.00/12 ounces,south-central Kenya,$18.00 ,12 ounces,18,12,1.5,54,78,
El Vergel Guatemala,97,"Acton, Massachusetts","Patzun growing region, Guatemala.",Medium-Light,61/75,$16.50/12 ounces,Guatemala.,$16.50 ,12 ounces,16.5,12,1.375,61,75,
Guatemala Hunapu Antigua Bourbon,97,"Sacramento, California","Antigua valley, central Guatemala",Medium,48/58,$15.00/12 ounces,central Guatemala,$15.00 ,12 ounces,15,12,1.25,48,58,
Mama Cata Mokkita,97,"Minneapolis, Minnesota","Boquete growing region, western Panama",Medium-Light,57/79,$150.00/4 ounces,western Panama,$150.00 ,4 ounces,150,4,37.5,57,79,
Port of Mokha Yemen JSP,97,"Hong Kong, China","Al Hayma growing region, Al Kharijiyah District, Sana’a Governorate, Yemen",Medium,44/58,$60.00/100 grams,Yemen,$60.00 ,100 grams,60,3.527399072,17.0097,44,58,
Panama Elida Geisha Natural 1029,97,"Los Angeles, California","Boquete growing region, western Panama",Medium-Light,54/74,$100/18 grams,western Panama,$100 ,18 grams,100,0.634931833,157.4972222,54,74,
Panama Hacienda La Esmeralda Nano GIGANTE 4FC-N Geisha Washed,97,"Yilan, Taiwan","Cañas Verdes, Boquete, Panama",Light,62/84,NT $1200/20 grams,Panama,NT $1200,20 grams,1200,0.705479814,1700.97,62,84,
Kenya Washed Kiambu Yara Estate PB TOP,97,"Chia-Yi, Taiwan","Ruiru, Kiambu County, south-central Kenya",Medium-Light,58/80,NT $300/4 ounces,south-central Kenya,NT $300,4 ounces,300,4,75,58,80,
Panama Tierra Blanca C-5 Geisha Washed BOP-GW-05,97,"Taipei, Taiwan","Boquete growing region, western Panama",Light,64/88,$700/4 ounces,western Panama,$700 ,4 ounces,700,4,175,64,88,
Panama Geisha Vuelta DRD Natural,97,"Hilo, Hawai’i","Boquete growing region, western Panama",Light,66/88,$88.00/4 ounces,western Panama,$88.00 ,4 ounces,88,4,22,66,88,
Kenya AA TOP Gicherori,97,"Yilan, Taiwan","Embu County, Kenya",Medium-Light,60/78,NT $550/200 grams,Kenya,NT $550,200 grams,550,7.054798145,77.961125,60,78,
Panama Lamastus Family Elida Estate Loma Geisha Washed,97,"New Taipei City, Taiwan","Boquete growing region, western Panama",Light,64/88,"NT $1,695/4 ounces",western Panama,"NT $1,695",4 ounces,1695,4,423.75,64,88,
Panama Ninety Plus Perci Lot 50,97,"San Diego, California","Chiriqui Province, far western Panama",Medium-Light,50/74,$60.00/8 ounces,far western Panama,$60.00 ,8 ounces,60,8,7.5,50,74,
Colombia Finca El Paraiso Geisha Letty,97,"Minneapolis, Minnesota","Cauca, Colombia",Light,64/84,$40.00/4 ounces,Colombia,$40.00 ,4 ounces,40,4,10,64,84,
Panama La Esmeralda Geisha Bosque Natural,97,"Sacramento, California","Boquete growing region, western Panama",Medium-Light,59/82,$62.00/8 ounces,western Panama,$62.00 ,8 ounces,62,8,7.75,59,82,
Kenya Nyeri AB Gichatha-ini Signature Series,97,"Reno, Nevada","Nyeri, Kenya.",Medium,45/60,$22.00/16 ounces,Kenya.,$22.00 ,16 ounces,22,16,1.375,45,60,
Colombia Sebastian Ramirez Washed Pink Bourbon,97,"McHenry, Illinois","Quindio Department, Colombia",Light,62/84,$30.00/12 ounces,Colombia,$30.00 ,12 ounces,30,12,2.5,62,84,
Panama Elida Estate Geisha Natural ASD T3D Auction Lot EG6,97,"Taipei, Taiwan","Boquete growing region, western Panama",Light,66/84,$80.00/4 ounces,western Panama,$80.00 ,4 ounces,80,4,20,66,84,
Ethiopia Natural Guji D Minor Special Lot,97,"Chia-Yi, Taiwan","Guji Zone, Oromia Region, southern Ethiopia",Medium-Light,60/76,NT $400/8 ounces,southern Ethiopia,NT $400,8 ounces,400,8,50,60,76,
Panama Ironman Camilina Geisha,97,"Los Angeles, California","Boquete growing region, western Panama.",Medium-Light,58/80,$49.95/8 ounces,western Panama.,$49.95 ,8 ounces,49.95,8,6.24375,58,80,
Yemen Port of Mokha Hayma Microlot,97,"Boulder, Colorado","Hayma, north-central Yemen",Medium,47/68,$85.00/8 ounces,north-central Yemen,$85.00 ,8 ounces,85,8,10.625,47,68,
Rukera Espresso,97,"Madison, Wisconsin","Kiambu growing region, south-central Kenya",Medium-Light,54/78,$21.20/12 ounces,south-central Kenya,$21.20 ,12 ounces,21.2,12,1.766666667,54,78,
Rukera Kenya,97,"Madison, Wisconsin","Kiambu growing region, south-central Kenya",Medium-Light,54/78,$21.20/12 ounces,south-central Kenya,$21.20 ,12 ounces,21.2,12,1.766666667,54,78,
Kaʻū Morning Glory,97,"Hilo, Hawai’i Island, Hawai’i","Kaʻū growing region, Hawai’i Island, Hawai’i",Light,62/84,$19.00/4 ounces,Hawai’i,$19.00 ,4 ounces,19,4,4.75,62,84,
Ardent Ethiopia Natural,97,"Madison, Wisconsin","Sidamo (also Sidama) growing region, south-central Ethiopia",Medium-Light,57/77,$35.00/8 ounces,south-central Ethiopia,$35.00 ,8 ounces,35,8,4.375,57,77,
Ulos Batak Sumatra Peaberry,97,"Madison, Wisconsin","Northern Sumatra, Indonesia",Medium-Light,57/76,$18.60/12 ounces,Indonesia,$18.60 ,12 ounces,18.6,12,1.55,57,76,
Panama Los Lajones Bambu Geisha,96,"Sacramento, California","Boquete growing region, western Panama",Medium-Light,57/78,$60.00/8 ounces,western Panama,$60.00 ,8 ounces,60,8,7.5,57,78,
Indonesia Golden Sumatra TP Espresso,96,"Yilan, Taiwan","Aceh Province, Sumatra, Indonesia",Medium,44/62,NT $450/200 grams,Indonesia,NT $450,200 grams,450,7.054798145,63.786375,44,62,
Ethiopia Natural Sidama Bensa Blue Donkey 24/1,96,"Chia-Yi, Taiwan","Sidamo growing region, southern Ethiopia",Medium-Light,60/77,NT $350/8 ounces,southern Ethiopia,NT $350,8 ounces,350,8,43.75,60,77,
Ethiopia Washed Yirgacheffe “Mini-Me” 2014,96,"Taoyuan City, Taiwan","Yirgacheffe growing region, southern Ethiopia.",Medium,50/65,NT $1000/16 ounces,southern Ethiopia.,NT $1000,16 ounces,1000,16,62.5,50,65,
Colombia Cauca El Paraiso,96,"Osaka, Japan","Cauca, Colombia",Light,85/105,"¥ 1,580/100 grams",Colombia,"¥ 1,580",100 grams,1580,3.527399072,447.9221,85,105,
Ethiopia Aphrodite Washed Espresso,96,"Taoyuan, Taiwan","Yirgacheffe growing region, south-central Ethiopia",Medium,44/60,NT $850/8 ounces,south-central Ethiopia,NT $850,8 ounces,850,8,106.25,44,60,
Hambela Ethiopia,96,"Lee, Massachusetts","Hambela Wamena District, Guji Zone, Oromia Region, southern Ethiopia",Medium-Light,57/82,$17.45/12 ounces,southern Ethiopia,$17.45 ,12 ounces,17.45,12,1.454166667,57,82,
Kenya Makwa AB,96,"Los Angeles, California","Nyeri growing region, south-central Kenya.",Medium,54/67,$16.95/12 ounces,south-central Kenya.,$16.95 ,12 ounces,16.95,12,1.4125,54,67,
Ethiopia Natural Sidama TAMIRU 74158,96,"Chia-Yi, Taiwan","Sidama growing region, southern Ethiopia",Medium-Light,60/78,NT $400/4 ounces,southern Ethiopia,NT $400,4 ounces,400,4,100,60,78,
Gesha Spirits,96,"San Diego, California","Huila Department, Colombia",Light,64/88,$37.00/8 ounces,Colombia,$37.00 ,8 ounces,37,8,4.625,64,88,
Panama Esmeralda Geisha Natural,96,"Minneapolis, Minnesota","Boquete growing region, western Panama",Medium-Light,56/74,$19.95/4 ounces,western Panama,$19.95 ,4 ounces,19.95,4,4.9875,56,74,
Panama Abu Natural ASD Geisha BOP GN11,96,"Chia-Yi, Taiwan","Boquete growing region, western Panama",Medium-Light,58/76,NT $1200/4 ounces,western Panama,NT $1200,4 ounces,1200,4,300,58,76,
Panama Gesha Perci Red,96,"Lee, Massachusetts","Silla Del Pando, Volcan, Panama.",Light,66/88,$72.45/12 ounces,Panama.,$72.45 ,12 ounces,72.45,12,6.0375,66,88,
Colombia Wilton Benitez Gesha Thermal Shock Wine Yeast,96,"Jersey City, New Jersey","Piendamó, Cauca Department, Colombia",Light,68/92,$31.00/125 grams,Colombia,$31.00 ,125 grams,31,4.40924884,7.030676,68,92,
Colombia Sidra Natural Signature Selection,96,"San Diego, California","Caicedonia, Valle de Cauca Department, Colombia",Light,62/80,$69.00/6 ounces,Colombia,$69.00 ,6 ounces,69,6,11.5,62,80,
Kenya Washed Kirinyaga Getuya AA Top,96,"Chia-Yi, Taiwan","Kirinyaga District, south-central Kenya",Light,62/80,NT 360/8 ounces,south-central Kenya,NT 360,8 ounces,360,8,45,62,80,
Colombia Finca La Primavera Sidra,96,"Minneapolis, Minnesota","Huila, Colombia",Light,64/82,$48.00/12 ounces,Colombia,$48.00 ,12 ounces,48,12,4,64,82,
Ethiopia Rumadamo Anaerobic Washed,96,"Olympia, Washington","Bensa, Guji Zone, Oromia Region, southern Ethiopia",Light,66/91,$27.50/6 ounces,southern Ethiopia,$27.50 ,6 ounces,27.5,6,4.583333333,66,91,
Ethiopia Djimma Limu Gummay Baby Geisha G1 Washed,96,"Yilan, Taiwan","Jimma Zone, Oromia Region, southern Ethiopia",Light,67/90,NT $600/200 grams,southern Ethiopia,NT $600,200 grams,600,7.054798145,85.0485,67,90,
Baru Gesha,96,"Los Angeles, California","Boquete growing region, western Panama",Medium-Light,55/75,$30.00/250 grams,western Panama,$30.00 ,250 grams,30,8.818497681,3.40194,55,75,
Ecuador Taza Dorada Finca Cruz Loma,96,"Minneapolis, Minnesota","San Jose de Minas, Pichincha, Ecuador",Medium-Light,60/77,$140.00/4 ounces,Ecuador,$140.00 ,4 ounces,140,4,35,60,77,
Ulos Batak Sumatra,96,"Madison, Wisconsin","Northern Sumatra, Indonesia",Medium-Light,54/76,$18.95/12 ounces,Indonesia,$18.95 ,12 ounces,18.95,12,1.579166667,54,76,
Starlight Blend,96,"Minneapolis, Minnesota",Not disclosed.,Medium,54/67,$14.99/16 ounces,Not disclosed.,$14.99 ,16 ounces,14.99,16,0.936875,54,67,
Guatemala Pandora Pacamara Medium-Light Roast,96,"Kaohsiung City, Taiwan","Huehuetenango growing region, northwestern Guatemala.",Medium,52/63,$25.00/8 ounces,northwestern Guatemala.,$25.00 ,8 ounces,25,8,3.125,52,63,
Colombia Granja La Esperanza Geisha,96,"San Rafael, California","Trujillo, Valle del Cauca, Colombia.",Medium,0/0,$32.00/8 ounces,Colombia.,$32.00 ,8 ounces,32,8,4,0,0,
Ethiopia Gesha Village Oma Gesha 1931 Natural,96,"Taipei, Taiwan","Bench-Maji Zone, Southern Ethiopia",Light,59/83,NT $799/100 grams,Southern Ethiopia,NT $799,100 grams,799,3.527399072,226.512505,59,83,
Gelgelu Adame Ethiopia Yirgacheffe Organic Natural Process,96,"Madison, Wisconsin","Yirgacheffe growing region, south-central Ethiopia.",Light,63/81,$19.25/12 ounces,south-central Ethiopia.,$19.25 ,12 ounces,19.25,12,1.604166667,63,81,
Stars of Italy Espresso,96,"Taipei, Taiwan",Not disclosed.,Medium,46/60,NT$600/8 ounces,Not disclosed.,NT$600,8 ounces,600,8,75,46,60,
Kona Geisha Washed,96,"Hilo, Hawaii","Holualoa, North Kona District, “Big Island” of Hawaiʻi",Light,64/86,$100.00/4 ounces,“Big Island” of Hawaiʻi,$100.00 ,4 ounces,100,4,25,64,86,
Sumatra Ulos Batak,96,"La Jolla, California","Northern Sumatra, Indonesia",Medium,53/68,$17.99/12 ounces,Indonesia,$17.99 ,12 ounces,17.99,12,1.499166667,53,68,
Laura’s Reserve SL34,96,"Holualoa, Hawai’i","Holualoa, North Kona growing district, “Big Island” of Hawai’i",Medium-Light,60/78,$62.95/8 ounces,“Big Island” of Hawai’i,$62.95 ,8 ounces,62.95,8,7.86875,60,78,
Colombia Lulo Wonka Wonka & Sebastian Gomez,96,"Cleveland, Tennessee",Colombia,Light,64/86,$19.99/8 ounces,Colombia,$19.99 ,8 ounces,19.99,8,2.49875,64,86,
Dodora Double,96,"Lee, Massachusetts","Gedeo Zone, Yirgacheffe growing region, southern EthiopiaGedeo Zone, southern Ethiopia",Light,60/84,$9.94/4 ounces,southern Ethiopia,$9.94 ,4 ounces,9.94,4,2.485,60,84,
Ethiopia Tamiru Tadesse Anaerobic,96,"Big Lake, Alaska","Sidamo (also Sidama) growing region, south-central Ethiopia",Light,62/80,$145.00/4 ounces,south-central Ethiopia,$145.00 ,4 ounces,145,4,36.25,62,80,
Holiday Coffee,96,"Holualoa, Hawaii","Holualoa, North Kona growing district, “Big Island” of Hawai’i",Medium-Light,58/80,$49.95/8 ounces,“Big Island” of Hawai’i,$49.95 ,8 ounces,49.95,8,6.24375,58,80,
Ethiopia Sidama Bensa Farmer Tamiru 74158 Natural,96,"New Taipei City, Taiwan","Sidama growing region, southern Ethiopia",Light,64/82,NT $575/4 ounces,southern Ethiopia,NT $575,4 ounces,575,4,143.75,64,82,
Harimau Tiger Sumatra,96,"Madison, Wisconsin","Mandheling growing region, northern Sumatra, Indonesia",Medium-Light,52/70,$17.20/12 ounces,Indonesia,$17.20 ,12 ounces,17.2,12,1.433333333,52,70,
Deri Kochoha Espresso,96,"Madison, Wisconsin","Sidamo (also Sidama) growing region, southern Ethiopia",Medium-Light,56/78,$16.80/12 ounces,southern Ethiopia,$16.80 ,12 ounces,16.8,12,1.4,56,78,
Ethiopia Ayla Bombe,96,"Fort Wayne, Indiana","Sidamo growing region, southern Ethiopia",Medium-Light,61/78,$20.00/12 ounces,southern Ethiopia,$20.00 ,12 ounces,20,12,1.666666667,61,78,
Panama Boquete Flor De Mariposa Geisha Espresso,96,"Chia-Yi, Taiwan","Boquete growing region, western Panama",Medium-Light,54/76,NT $500/8 ounces,western Panama,NT $500,8 ounces,500,8,62.5,54,76,
Laura’s Reserve SL34,96,"Holualoa, Hawai’i","Holualoa, North Kona growing district, “Big Island” of Hawai’i",Medium-Light,60/80,$69.95/8 ounces,“Big Island” of Hawai’i,$69.95 ,8 ounces,69.95,8,8.74375,60,80,
El Salvador 2022 COE#17 El Mirador Washed Gesha,96,"Chia-Yi, Taiwan","Apaneca-Ilamatepec, El Salvador",Medium-Light,58/78,NT $500/4 ounces,El Salvador,NT $500,4 ounces,500,4,125,58,78,
Kenya Washed Kiambu AA,96,"Chia-Yi, Taiwan","Kiambu growing region, south-central Kenya",Medium,47/69,NT $290/8 ounces,south-central Kenya,NT $290,8 ounces,290,8,36.25,47,69,
Panama Finca Mi Finquita Geisha Afrodita Natural,96,"Chiya-Yi, Taiwan","Tierras Altas, Chiriquí Province, Panama",Medium-Light,59/81,NT $1250/4 ounces,Panama,NT $1250,4 ounces,1250,4,312.5,59,81,
Ethiopia Yirgacheffe Reko,96,"Sacramento, California","Kochere, Yirgacheffe growing region, southern Ethiopia",Medium-Light,54/76,$19.50/12 ounces,southern Ethiopia,$19.50 ,12 ounces,19.5,12,1.625,54,76,
Ethiopia Nekisse,96,"Sioux Falls, South Dakota","Sidamo growing region, southern Ethiopia.",Medium,50/65,$37.95/12 ounces,southern Ethiopia.,$37.95 ,12 ounces,37.95,12,3.1625,50,65,
Hawai’i Kilauea Volcano Yeast Fermentation Washed,96,"Minneapolis, Minnesota","Puna, Big Island of Hawai’i",Medium-Light,58/76,$29.95/4 ounces,Big Island of Hawai’i,$29.95 ,4 ounces,29.95,4,7.4875,58,76,
Wilton Benitez Orange Bourbon,96,"Madison, Wisconsin","Piendamó, Cauca Department, Colombia",Light,60/82,$19.00/8 ounces,Colombia,$19.00 ,8 ounces,19,8,2.375,60,82,
Ethiopia Demeka Becha,96,"Floyd, Virginia","Bona Zuria, Sidama Region, Ethiopia",Medium-Light,60/78,$21.99/12 ounces,Ethiopia,$21.99 ,12 ounces,21.99,12,1.8325,60,78,
Hacienda La Esmeralda Montañas 71AS,96,"London, England","Boquete growing region, western Panama",Medium-Light,59/77,£100/150-gram packet,western Panama,£100,150-gram packet,100,5.28,18.93939394,59,77,
Acacia Hills Geisha,96,"Madison, Wisconsin","Karatu, Oldeani Region, Tanzania",Medium-Light,58/80,$24.00/8 ounces,Tanzania,$24.00 ,8 ounces,24,8,3,58,80,
Wilton Benitez Java,96,"Madison, Wisconsin","Piendamó, Cauca Department, Colombia",Light,59/93,$20.00/8 ounces,Colombia,$20.00 ,8 ounces,20,8,2.5,59,93,
Sumatra Raja Harimau Lintong Espresso,96,"Chia-Yi, Taiwan","Lintong growing region, northern Sumatra, Indonesia",Medium,44/61,NT $275/8 ounces,Indonesia,NT $275,8 ounces,275,8,34.375,44,61,
Panama Hacienda La Esmeralda Special Nano Geisha Gigante Washed Euphora Lot,96,"Taipei, Taiwan","Boquete growing region, western Panama",Light,66/88,$90.00/4 ounces,western Panama,$90.00 ,4 ounces,90,4,22.5,66,88,
Yemen Microlot,96,"Boulder, Colorado",Yemen,Light,58/84,$75.00/8 ounces,Yemen,$75.00 ,8 ounces,75,8,9.375,58,84,
Panama Auromar Geisha Natural Peaberry,96,"Topeka, Kansas","Boquete growing region, western Panama",Medium-Light,53/70,$40.00/8 ounces,western Panama,$40.00 ,8 ounces,40,8,5,53,70,
Kona Mocca®,96,"Holualoa, Hawaii","Holualoa, North Kona growing district, “Big Island” of Hawaii",Medium,46/64,$44.95/8 ounces,“Big Island” of Hawaii,$44.95 ,8 ounces,44.95,8,5.61875,46,64,
Peru Washed Santa Monica Gesha,96,"Chia-Yi, Taiwan","Amaybamba, Cusco, Peru",Medium-Light,58/77,NT $700/4 ounces,Peru,NT $700,4 ounces,700,4,175,58,77,
Colombia Calderon Honey,96,"Billings, Montana","Huila Department, Colombia",Medium-Light,60/78,$32.25/12 ounces,Colombia,$32.25 ,12 ounces,32.25,12,2.6875,60,78,
Panama Hacienda La Esmeralda Gesha,96,"Chicago, Illinois","Boquete growing region, western Panama",Medium-Light,58/78,$56.00/8 ounces,western Panama,$56.00 ,8 ounces,56,8,7,58,78,
Ethiopia Ninety Plus Kemgin,96,"Yorktown Heights, New York","Nekempte District, Oromia Region, western Ethiopia.",Medium-Light,52/73,$18.00/12 ounces,western Ethiopia.,$18.00 ,12 ounces,18,12,1.5,52,73,
Esmeralda Leon Natural Geisha,96,"La Jolla, California","Cañas Verdes, Boquete growing region, western Panama.",Light,71/89,$45.00/8 ounces,western Panama.,$45.00 ,8 ounces,45,8,5.625,71,89,
Kenya Gachatha AA,96,"Los Angeles, California","Nyeri growing region, south-central Kenya.",Medium-Light,54/76,$24.95/12 ounces,south-central Kenya.,$24.95 ,12 ounces,24.95,12,2.079166667,54,76,
Ethiopia Yirgacheffe ECX,96,"Sacramento, California","Yirgacheffe growing region, southern Ethiopia.",Light,64/83,$15.50/12 ounces,southern Ethiopia.,$15.50 ,12 ounces,15.5,12,1.291666667,64,83,
Berlina Geisha,96,"Lee, Massachusetts","Horqueta, Chiriquí, Boquete, Panama",Medium-Light,56/84,$13.34/4 ounces,Panama,$13.34 ,4 ounces,13.34,4,3.335,56,84,
Kenya Washed Kiambu Windrush AA,96,"Chia-Yi, Taiwan","Kiambu growing region, south-central Kenya",Medium-Light,57/77,NT $340/8 ounces,south-central Kenya,NT $340,8 ounces,340,8,42.5,57,77,
Ecuador COE 1st place Arashi Typica Mejorado Washed,96,"Yilan, Taiwan","Saraguro, Loja, Ecuador",Light,62/80,NT $800/20 grams,Ecuador,NT $800,20 grams,800,0.705479814,1133.98,62,80,
Ethiopia Natural Sidama 74158,96,"Chia-Yi, Taiwan","Sidamo growing region, southern Ethiopia",Light,62/80,NT $450/4 ounces,southern Ethiopia,NT $450,4 ounces,450,4,112.5,62,80,
Panama Bambito Estate Geisha Anaerobic Natural,96,"San Diego, California","Volcan Baru, Boquete growing region, Panama",Light,65/90,$45.00/4 ounces,Panama,$45.00 ,4 ounces,45,4,11.25,65,90,
Karen J Kona Red Bourbon,96,"Holualoa, Hawai’i","Holualoa, North Kona growing district, “Big Island” of Hawai’i",Medium-Light,58/78,$54.95/8 ounces,“Big Island” of Hawai’i,$54.95 ,8 ounces,54.95,8,6.86875,58,78,
Wilton Benitez Java,96,"Madison, Wisconsin","Piendamó, Cauca, Colombia",Medium-Light,60/74,$25.00/8 ounces,Colombia,$25.00 ,8 ounces,25,8,3.125,60,74,
Finca La Mula Panama Geisha,96,"Madison, Wisconsin","Chiriqui, western Panama.",Medium-Light,57/81,$49.25/8 ounces,western Panama.,$49.25 ,8 ounces,49.25,8,6.15625,57,81,
Wilton Benitez Colombia Sidra,96,"Jersey City, New Jersey","Piendamo, Cauca Department, Colombia",Light,65/83,$60.00/250 grams,Colombia,$60.00 ,250 grams,60,8.818497681,6.80388,65,83,
Colombia Valle del Cauca Cerro Azul Geisha AAA,96,"Seattle, Washington","Valle del Cauca growing region, Colombia.",Medium-Light,60/81,$59.75/8 ounces,Colombia.,$59.75 ,8 ounces,59.75,8,7.46875,60,81,
Gachatha Kenya,96,"Madison, Wisconsin","Karundu, Nyeri County, Kenya",Medium-Light,59/77,$24.00/12 ounces,Kenya,$24.00 ,12 ounces,24,12,2,59,77,
Gikanda Kenya,96,"Madison, Wisconsin",South-central Kenya,Medium-Light,55/76,$19.25/12 ounces,South-central Kenya,$19.25 ,12 ounces,19.25,12,1.604166667,55,76,
Kenya Machakos AA Top Washed,96,"Taipei, Taiwan","Machakos County, Kenya",Light,62/82,NT $409/8 ounces,Kenya,NT $409,8 ounces,409,8,51.125,62,82,
Guatemala Washed El Injerto EI05 Mocca,96,"Chia-Yi, Taiwan","La Libertad, Huehuetenango Department, Guatemala",Light,61/81,NT $1200/4 ounces,Guatemala,NT $1200,4 ounces,1200,4,300,61,81,
Kenya Washed Nyeri Hill Farm AA Top,96,"Chia-Yi, Taiwan","Nyeri growing region, south-central Kenya",Medium-Light,60/77,NT $390/8 ounces,south-central Kenya,NT $390,8 ounces,390,8,48.75,60,77,
Colombia Wilton Benitez Thermal Shock Geisha,96,"Chicago, Illinois","Piendamo, Cauca Department, Colombia",Medium-Light,60/78,$58.00/8 ounces,Colombia,$58.00 ,8 ounces,58,8,7.25,60,78,
Karimiuki Espresso,96,"Madison, Wisconsin","Kirinyaga, Kenya",Medium-Light,58/76,$21.00/12 ounces,Kenya,$21.00 ,12 ounces,21,12,1.75,58,76,
Sillvia Solkiln N2 Level 95,96,"Pu’Er, Yunnan Province, China","Silla Del Pando, Volcan, Panama.",Medium-Light,59/80,RMB $350/75 grams,Panama.,RMB $350,75 grams,350,2.645549304,132.2976667,59,80,
Panama Esmeralda Geisha,96,"Chicago, Illinois","Boquete growing region, western Panama.",Medium-Light,57/83,$46.00/10 ounces,western Panama.,$46.00 ,10 ounces,46,10,4.6,57,83,
Kahiko,96,"Holualoa, Hawaii","Holualoa, North Kona growing district, “Big Island” of Hawai’i",Medium-Light,56/74,$47.95/8 ounces,“Big Island” of Hawai’i,$47.95 ,8 ounces,47.95,8,5.99375,56,74,
Ethiopia Shantawene Washed,96,"Floyd, Virginia","Sidamo growing region, south-central Ethiopia",Light,64/82,$22.00/12 ounces,south-central Ethiopia,$22.00 ,12 ounces,22,12,1.833333333,64,82,
Ethiopia Worka Sakaro Anaerobic Natural,96,"Floyd, Virginia","Gedeb District, Gedeo Zone, southern Ethiopia",Medium-Light,60/78,$23.00/12 ounces,southern Ethiopia,$23.00 ,12 ounces,23,12,1.916666667,60,78,
Panama Auromar Geisha Natural,96,"Branford, Connecticut","Piedra Candela, Chiriqui Province, far western Panama",Medium-Light,56/80,$55.00/12 ounces,far western Panama,$55.00 ,12 ounces,55,12,4.583333333,56,80,
Kenya Nyeri AB Nyeshun,96,"Chia-Yi, Taiwan","Nyeri growing region, south-central Kenya",Medium-Light,58/78,NT $400/8 ounces,south-central Kenya,NT $400,8 ounces,400,8,50,58,78,
Panama Don Pepe Fully Washed Geisha,96,"Sacramento, California","Boquete growing region, western Panama.",Medium-Light,58/72,$40.00/8 ounces,western Panama.,$40.00 ,8 ounces,40,8,5,58,72,
Wilton Benitez Geisha,96,"Madison, Wisconsin","Piendamo, Cauca Department, Colombia",Light,62/80,$27.00/8 ounces,Colombia,$27.00 ,8 ounces,27,8,3.375,62,80,
Kenya AA Top Single Origin Espresso,96,"Taoyuan City, Taiwan.",Central Kenya.,Medium,47/59,NT$1400/16 ounces,Central Kenya.,NT$1400,16 ounces,1400,16,87.5,47,59,
Ethiopia Wush Wush,96,"Billings, Montana","Sidama growing region, southern Ethiopia",Light,62/80,$33.00/12 ounces,southern Ethiopia,$33.00 ,12 ounces,33,12,2.75,62,80,
Kenya AA Ares Phoenix Special,96,"Taoyuan, Taiwan","Nyeri growing region, south-central Kenya",Medium,44/60,NT $900/8 ounces,south-central Kenya,NT $900,8 ounces,900,8,112.5,44,60,
Colombia Finca El Paraíso Geisha Sake,96,"Hilo, Hawaii","Cauca, Colombia",Light,65/82,$60.00/4 ounces,Colombia,$60.00 ,4 ounces,60,4,15,65,82,
David Mburu Kenya,96,"Portland, Oregon","Kiambu County, south-central Kenya",Light,58/84,$15.00/250 grams,south-central Kenya,$15.00 ,250 grams,15,8.818497681,1.70097,58,84,
Ethiopia Halo Beriti,96,"Lexington, Virginia","Yirgacheffe growing region, southern Ethiopia",Medium-Light,60/77,$20.95/12 ounces,southern Ethiopia,$20.95 ,12 ounces,20.95,12,1.745833333,60,77,
Nekisse Red N2 Level 39,96,"Pu'Er Yunnan Province, China","Sidamo (also Sidama) growing region, southern Ethiopia",Medium-Light,63/74,RMB $235/125 grams,southern Ethiopia,RMB $235,125 grams,235,4.40924884,53.29706,63,74,
"Esmeralda Leon, Panama Geisha Auction Lot",96,"Los Angeles, California","Cañas Verdes, Boquete growing region, western Panama.",Medium-Light,52/73,$39.95/8 ounces,western Panama.,$39.95 ,8 ounces,39.95,8,4.99375,52,73,
Narsha Gesha,96,"Denver, Colorado","Bench-Maji Zone, southern Ethiopia",Light,63/81,$35.00/200 grams,southern Ethiopia,$35.00 ,200 grams,35,7.054798145,4.9611625,63,81,
Panama Altieri Natural Geisha,96,"Los Angeles, California","Boquete growing region, western Panama",Medium,49/72,$49.95/8 ounces,western Panama,$49.95 ,8 ounces,49.95,8,6.24375,49,72,
Ethiopia Shantawene Washed,96,"Floyd, Virginia","idamo (also Sidama) growing region, southern Ethiopia",Medium-Light,60/78,$20.99/12 ounces,southern Ethiopia,$20.99 ,12 ounces,20.99,12,1.749166667,60,78,
Kenya Mamuto,96,"Acton, Massachusetts","Kirinyaga region, south-central Kenya",Medium-Light,61/76,$25.00/12 ounces,south-central Kenya,$25.00 ,12 ounces,25,12,2.083333333,61,76,
Mocha Java,96,"Fort Bragg, California",Sumatra; Ethiopia,Medium,52/68,$14.50/12 ounces,Sumatra; Ethiopia,$14.50 ,12 ounces,14.5,12,1.208333333,52,68,
Finca La Aurora Camilina Geisha,96,"Boulder, Colorado","Piedra Candela, Chiriqui Province, far western Panama",Medium-Light,56/76,$45.00/8 ounces,far western Panama,$45.00 ,8 ounces,45,8,5.625,56,76,
Colombia La Esperanza Cerro Azul Geisha,96,"Topeka, Kansas","Trujillo, Valle del Cauca, Colombia.",Medium-Light,58/81,$35.00/8 ounces,Colombia.,$35.00 ,8 ounces,35,8,4.375,58,81,
Twenty Five,96,"Lee, Massachusetts",Ethiopia; Papua New Guinea; Guatemala,Medium-Light,50/74,$14.45/12 ounces,Ethiopia; Papua New Guinea; Guatemala,$14.45 ,12 ounces,14.45,12,1.204166667,50,74,
Ethiopia Washed Guji Uraga Welichu,96,"Chia-Yi, Taiwan","Guji Zone, Oromia Region, southern Ethiopia",Medium-Light,58/78,NT $375/8 ounces,southern Ethiopia,NT $375,8 ounces,375,8,46.875,58,78,
Kenya Washed Kiambu Uklili AB Espresso,96,"Chia-Yi, Taiwan","Kiambu growing region, south-central Kenya",Medium-Light,54/72,NT $400/8 ounces,south-central Kenya,NT $400,8 ounces,400,8,50,54,72,
Panama Don Pepe Estate Geisha Single-Origin Espresso,96,"Sacramento, California","Boquete growing region, western Panama",Medium,48/59,$19.50/12 ounces,western Panama,$19.50 ,12 ounces,19.5,12,1.625,48,59,
Panama Don Pachi Natural Geisha,96,"Topeka, Kansas","Boquete growing region, western Panama",Light,62/86,$59.99/8 ounces,western Panama,$59.99 ,8 ounces,59.99,8,7.49875,62,86,
Grand Champion Red Bourbon Natural,96,"Pahala, Hawaii","Ka'u growing district, Big Island of Hawai’i",Medium-Light,52/72,$35.00/4 ounces,Big Island of Hawai’i,$35.00 ,4 ounces,35,4,8.75,52,72,
Panama Mokkita Natural Mama Cata Estate,96,"Hilo, Hawaii","Boquete, Panama",Light,64/82,$250/4 ounces,Panama,$250 ,4 ounces,250,4,62.5,64,82,
Nano Genji #4 Espresso,96,"Madison, Wisconsin","Agaro Gera, Jimma Zone, Oromia State, Ethiopia",Medium-Light,56/74,$18.75/12 ounces,Ethiopia,$18.75 ,12 ounces,18.75,12,1.5625,56,74,
Esmeralda Estate Porton Geisha Natural,96,"Boulder, Colorado","Boquete growing region, western Panama",Medium-Light,56/84,$75.00/8 ounces,western Panama,$75.00 ,8 ounces,75,8,9.375,56,84,
Panama Lino Esmeralda Geisha Natural,96,"La Jolla, California","Cañas Verdes, Boquete growing region, western Panama.",Light,67/88,$51.00/8 ounces,western Panama.,$51.00 ,8 ounces,51,8,6.375,67,88,
Kona Mocca®,96,"Holualoa, Hawai’i","Holualoa, North Kona growing district, “Big Island” of Hawai’i",Medium-Light,52/70,$74.95/8 ounces,“Big Island” of Hawai’i,$74.95 ,8 ounces,74.95,8,9.36875,52,70,
Kenya Ritho FCS Handege Factory AB,96,"Chia-Yi, Taiwan","Thika growing region, central Kenya",Medium-Light,53/81,NT $375/8 ounces,central Kenya,NT $375,8 ounces,375,8,46.875,53,81,
La Papaya Ecuador Geisha Natural,96,"Madison, Wisconsin","Saraguro, Loja growing region, Ecuador",Medium-Light,59/75,$29.00/12 ounces,Ecuador,$29.00 ,12 ounces,29,12,2.416666667,59,75,
Trust the Process — Full Natural,96,"Floyd, Virginia","Los Naranjos, La Argentina, Huila Department, Colombia",Light,64/84,$18.99/8 ounces,Colombia,$18.99 ,8 ounces,18.99,8,2.37375,64,84,
Panama Perci Geisha Natural,96,"Branford, Connecticut","Volcan, Panama",Medium-Light,52/72,$60.00/8 ounces,Panama,$60.00 ,8 ounces,60,8,7.5,52,72,
Colombia Valle del Cauca Cerro Azul Geisha,96,"Jersey City, New Jersey","Valle del Cauca Department, western Colombia",Medium,48/67,$25.00/150 grams,western Colombia,$25.00 ,150 grams,25,5.291098608,4.724916667,48,67,
Yunlin Washed Geisha,96,"Yunlin, Taiwan","Yunlin County, Taiwan",Light,64/90,NT $800/120 grams,Taiwan,NT $800,120 grams,800,4.232878887,188.9966667,64,90,
Ethiopia Banko Washed,96,"Floyd, Virginia","Gedeb District, Gedeo Zone, southern Ethiopia",Light,62/84,$24.00/12 ounces,southern Ethiopia,$24.00 ,12 ounces,24,12,2,62,84,
Colombia Villa Betulia CM Sidra,96,"Denver, Colorado","Acevedo, Huila Department, Colombia",Light,60/84,$46.00/8 ounces,Colombia,$46.00 ,8 ounces,46,8,5.75,60,84,
Panama Finca Kalithea Natural Geisha,96,"Chia-Yi, Taiwan","Chiriqui growing region, Panama",Medium-Light,55/79,NT $750/4 ounces,Panama,NT $750,4 ounces,750,4,187.5,55,79,
Colombia Finca La Maria Geisha Natural,96,"Los Angeles, California","La Mesa, Cundinamarca, Colombia",Medium-Light,57/74,$54.95/6 ounces,Colombia,$54.95 ,6 ounces,54.95,6,9.158333333,57,74,
Geisha XO,96,"San Diego, California","Valle de Cauca, Colombia",Medium,54/62,$60.00/8 ounces,Colombia,$60.00 ,8 ounces,60,8,7.5,54,62,
Ethiopia Yirgacheffe Chelelektu Natural,96,"Boulder, Colorado","Yirgacheffe growing region, southern Ethiopia",Medium-Light,58/82,$18.00/12 ounces,southern Ethiopia,$18.00 ,12 ounces,18,12,1.5,58,82,
Love of Desolate,96,"Nantou, Taiwan","Los Angeles, Sabanilla de Alajuela, Costa Rica",Medium-Light,58/80,NT $500/227 grams,Costa Rica,NT $500,227 grams,500,8.007195894,62.4438326,58,80,
Kenya Gachatha Nyeri AA,96,"Floyd, Virginia","Nyeri growing region, south-central Kenya",Medium-Light,60/76,$22.49/12 ounces,south-central Kenya,$22.49 ,12 ounces,22.49,12,1.874166667,60,76,
Ninety Plus Silvia Solkiln N2,96,"Taipei City, Taiwan","Volcan growing region, Panama",Medium,45/58,NT $2616/227 grams,Panama,NT $2616,227 grams,2616,8.007195894,326.7061322,45,58,
Kenya Thageini,96,"San Diego, California",South-central Kenya,Light,58/84,$20.99/12 ounces,South-central Kenya,$20.99 ,12 ounces,20.99,12,1.749166667,58,84,
Finca Cruz Loma Ecuador Geisha,96,"Madison, Wisconsin","San José de Minas, Pichincha Province, Ecuador",Medium-Light,60/77,$32.00/8 ounces,Ecuador,$32.00 ,8 ounces,32,8,4,60,77,
Kenya Gatomboya Peaberry,96,"Ramsey, Minnesota","Nyeri growing region, south-central Kenya",Medium-Light,55/74,$18.95/12 ounces,south-central Kenya,$18.95 ,12 ounces,18.95,12,1.579166667,55,74,
100% Kona Bourbon Pointu Laurina,96,"Holulaloa, Hawaii","Holualoa, North Kona growing district, “Big Island” of Hawaii",Medium-Light,56/76,$49.95/8 ounces,“Big Island” of Hawaii,$49.95 ,8 ounces,49.95,8,6.24375,56,76,
Kenya Muranga Gondo AA,96,"Chia-Yi, Taiwan","Murang’a County, central Kenya",Medium-Light,56/80,$22.00/16 ounces,central Kenya,$22.00 ,16 ounces,22,16,1.375,56,80,
Kona S12 Kaffa Washed,96,"Hilo, Hawai’i","Hōlualoa, North Kona, Hawai’i Island",Light,67/94,$100.00/4 ounces,Hawai’i Island,$100.00 ,4 ounces,100,4,25,67,94,
Kenya Kabare AA,96,"Billings, Montana",South-central Kenya,Medium-Light,56/77,$14.50/12 ounces,South-central Kenya,$14.50 ,12 ounces,14.5,12,1.208333333,56,77,
Colombia Cafe La Granja Pink Bourbon,96,"Jersey City, New Jersey","Caicedonia, Valle del Cauca Department, Colombia",Light,62/88,$35.00/125 grams,Colombia,$35.00 ,125 grams,35,4.40924884,7.93786,62,88,
Ecuador La Papaya Geisha Natural,96,"Fort Wayne, Indiana","Saraguro, Loja, Ecuador",Medium-Light,61/79,$38.00/8 ounces,Ecuador,$38.00 ,8 ounces,38,8,4.75,61,79,
Panama Elida Estate Washed,96,"Jersey City, New Jersey","Boquete growing region, western Panama",Medium-Light,59/77,$60.00/150 grams,western Panama,$60.00 ,150 grams,60,5.291098608,11.3398,59,77,
Guatemala COE-NW#2 Sierra Roja Geisha Washed,96,"Yilan, Taiwan","San Cristobal Acasaguastlán, El Progreso, Sierra de las Minas, Guatemala",Medium-Light,60/80,NT $600/100 grams,Guatemala,NT $600,100 grams,600,3.527399072,170.097,60,80,
Wilton Benitez Colombia Yellow Bourbon,96,"Madison, Wisconsin","Piendamó, Cauca, Colombia",Light,63/88,$22.00/8 ounces,Colombia,$22.00 ,8 ounces,22,8,2.75,63,88,
Panama Finca Las Brujas Geisha Natural,96,"Sacramento, California","Boquete growing region, western Panama",Medium-Light,57/80,$50.00/8 ounces,western Panama,$50.00 ,8 ounces,50,8,6.25,57,80,
Kenya Nyeri Hill AB,96,"Lexington, Virginia","Nyeri growing region, south-central Kenya",Medium-Light,58/82,$23.50/12 ounces,south-central Kenya,$23.50 ,12 ounces,23.5,12,1.958333333,58,82,
Bull Demon King,96,"Taoyuan, Taiwan",Colombia; Peru; Rwanda; Ethiopia,Medium-Dark,35/48,NT $550/8 ounces,Colombia; Peru; Rwanda; Ethiopia,NT $550,8 ounces,550,8,68.75,35,48,
Panama Kaizen Lot GW-01,96,"Hilo, Hawai’i Island, Hawai’i","Boquete growing region, western Panama",Light,65/90,$400.00/20 grams,western Panama,$400.00 ,20 grams,400,0.705479814,566.99,65,90,
Hawaii Kilauea Volcano Nano-Lot,96,"Ramsey, Minnesota","Puna District, “Big Island” of Hawaii",Medium-Light,59/82,$24.00/4 ounces,“Big Island” of Hawaii,$24.00 ,4 ounces,24,4,6,59,82,
Kamagogo Kenya,96,"Madison, Wisconsin","Murang’a Foothills, Aberdare Ridge, Central Province, Kenya",Medium-Light,53/76,$20.90/12 ounces,Kenya,$20.90 ,12 ounces,20.9,12,1.741666667,53,76,
Laura’s Reserve SL-28,96,"Holulaloa, Hawaii","Holualoa, North Kona growing district, “Big Island” of Hawaii",Medium-Light,56/82,$44.95/8 ounces,“Big Island” of Hawaii,$44.95 ,8 ounces,44.95,8,5.61875,56,82,
Ethiopia Natural Sidama Blue Donkey Lot 2,96,"Chia-Yi, Taiwan","Sidamo growing region, southern Ethiopia",Light,62/84,NT $350/8 ounces,southern Ethiopia,NT $350,8 ounces,350,8,43.75,62,84,
Potosi Pink Bourbon Natural Colombia,96,"Madison, Wisconsin","Trujillo, Valle Del Cauca, Cauca Department, Colombia",Light,64/86,$29.00/8 ounces,Colombia,$29.00 ,8 ounces,29,8,3.625,64,86,
Mr. David Mburu Kenya,96,"Portland, Oregon","Kiambu County, south-central Kenya",Medium-Light,56/78,$15.00/250 grams,south-central Kenya,$15.00 ,250 grams,15,8.818497681,1.70097,56,78,
Kona Geisha Rosé Washed,96,"Hilo, Hawai’i","Hōlualoa, North Kona, Hawai’i Island",Light,64/88,$100.00/4 ounces,Hawai’i Island,$100.00 ,4 ounces,100,4,25,64,88,
SÖT Coffee Roaster Colombia Wush Wush Dynamic Natural,96,"Osaka, Japan","San Augustín, Huila Department, Colombia",Light,76/92,¥1680/100 grams,Colombia,¥1680,100 grams,1680,3.527399072,476.2716,76,92,
La Palma Y El Tucan Hero Series Colombia Sidra Lot #190,96,"San Diego, California","Cundinamarca Department, central Colombia",Medium-Light,57/83,$60.00/8 ounces,central Colombia,$60.00 ,8 ounces,60,8,7.5,57,83,
Ethiopia Washed Kaffa Gimbo Lot Rich Espresso,96,"Chia-Yi, Taiwan","Gimbo, Kaffa Province, Ethiopia",Medium-Light,55/77,NT $250/8 ounces,Ethiopia,NT $250,8 ounces,250,8,31.25,55,77,
Kona Mocca®,96,"Holualoa, Hawai’i","Holualoa, North Kona growing district, “Big Island” of Hawai’i",Medium-Light,56/74,$87.50/8 ounces,“Big Island” of Hawai’i,$87.50 ,8 ounces,87.5,8,10.9375,56,74,
Colombia Wilton Benitez Sudan Rume,96,"Fort Wayne, Indiana","Piendamo, Cauca Department, Colombia",Light,64/84,$29.00/8 ounces,Colombia,$29.00 ,8 ounces,29,8,3.625,64,84,
Espresso No. 6 Finca San José Ocaña,96,"Antigua Guatemala, Guatemala","San Juan Sacatepéquez, Antigua Department, Guatemala",Medium,50/64,$25.00/12 ounces,Guatemala,$25.00 ,12 ounces,25,12,2.083333333,50,64,
Kenya AA Aries Return Espresso,96,"Taoyuan, Taiwan","Nyeri growing region, south-central Kenya",Medium,44/60,NT $950/8 ounces,south-central Kenya,NT $950,8 ounces,950,8,118.75,44,60,
Wilton Benitez SL28,96,"Madison, Wisconsin","Piendamo, Cauca Department, Colombia",Medium-Light,58/82,$33.00/8 ounces,Colombia,$33.00 ,8 ounces,33,8,4.125,58,82,
Yemen Haraaz,96,"San Diego, California","Sharqi, Haraaz, Yemen",Light,60/82,$40.00/250 grams,Yemen,$40.00 ,250 grams,40,8.818497681,4.53592,60,82,
Guatemala Santa Felisa Wild Yeast Natural Gesha,96,"Chia-Yi, Taiwan","Acatenango growing region, central Guatemala",Light,62/88,NT $375/4 ounces,central Guatemala,NT $375,4 ounces,375,4,93.75,62,88,
Colombia La Siria Geisha,96,"San Diego, California","La Argentina, Huila Department, Colombia",Medium-Light,60/78,$95.00/4 ounces,Colombia,$95.00 ,4 ounces,95,4,23.75,60,78,
Kona Orange,96,"Holualoa, Hawai’i","Holualoa, North Kona growing district, “Big Island” of Hawai’i",Light,58/84,$79.95/8 ounces,“Big Island” of Hawai’i,$79.95 ,8 ounces,79.95,8,9.99375,58,84,
Kenya All’s Well Peaberry Espresso,96,"Taoyuan, Taiwan","Nyeri growing region, south-central Kenya",Medium,46/72,NT $900/8 ounces,south-central Kenya,NT $900,8 ounces,900,8,112.5,46,72,
Carmen Geisha El Palomar Best of Panama #4 Carlos Aguilera,96,"Boulder, Colorado","Boquete growing region, western Panama",Medium-Light,54/78,$50.00/8 ounces,western Panama,$50.00 ,8 ounces,50,8,6.25,54,78,
Ethiopia Washed Sidama Nafasha 74158 21/01,96,"Chia-Yi, Taiwan","Sidama Zone, Oromia Region, Ethiopia",Medium-Light,60/78,NT $290/8 ounces,Ethiopia,NT $290,8 ounces,290,8,36.25,60,78,
Panama Hacienda La Esmeralda Super Mario Geisha,96,"Newtown, Sydney, Australia","Boquete growing region, western Panama",Medium-Light,54/78,AUD $18.00/18 grams,western Panama,AUD $18.00,18 grams,18,0.634931833,28.3495,54,78,
Ethiopia Yirgacheffe Gedeo,95,"Bedford, New Hampshire","Yirgacheffe growing region, south-central Ethiopia.",Light,64/94,$14.50/12 ounces,south-central Ethiopia.,$14.50 ,12 ounces,14.5,12,1.208333333,64,94,
Finca La Aurora Camilina Geisha,95,"Boulder, Colorado","Piedra Candela, Chiriqui Province, far western Panama.",Light,62/88,$48.50/8 ounces,far western Panama.,$48.50 ,8 ounces,48.5,8,6.0625,62,88,
Ethiopia Guji Wush Wush Anaerobic Natural,95,"Taipei, Taiwan","Guji Zone, Oromia Region, southern Ethiopia",Medium-Light,57/77,NT $560/227 grams,southern Ethiopia,NT $560,227 grams,560,8.007195894,69.93709251,57,77,
Kenya Kiambu AA,95,"Taipei, Taiwan","Kiambu growing region, south-central Kenya",Medium-Light,60/76,NT $650/225 grams,south-central Kenya,NT $650,225 grams,650,7.936647913,81.89855556,60,76,
Honey Typica Anaerobic,95,"Captain Cook, Hawai’i","North Kona growing district, “Big Island” of Hawai’i",Medium-Light,56/74,$75.00/16 ounces,“Big Island” of Hawai’i,$75.00 ,16 ounces,75,16,4.6875,56,74,
Keremara AA Kenya,95,"Lee, Massachusetts","Nyeri growing region, south-central Kenya.",Medium-Light,60/79,$18.45/12 ounces,south-central Kenya.,$18.45 ,12 ounces,18.45,12,1.5375,60,79,
Esmeralda Noria Natural,95,"Topeka, Kansas","Boquete growing region, western Panama",Medium-Light,58/78,$47.50/8 ounces,western Panama,$47.50 ,8 ounces,47.5,8,5.9375,58,78,
Empress Kenya,95,"Taipei, Taiwan","Kiambu growing region, south-central Kenya",Medium-Light,58/74,NT $550/225 grams,south-central Kenya,NT $550,225 grams,550,7.936647913,69.29877778,58,74,
Ethiopia Guji Wush Wush,95,"Minneapolis, Minnesota","Guji Zone, Oromia Region, southern Ethiopia",Medium-Light,58/77,$24.95/12 ounces,southern Ethiopia,$24.95 ,12 ounces,24.95,12,2.079166667,58,77,
Kona Red Bourbon Anaerobic Washed Uluwehi Farm,95,"Minneapolis, Minnesota","Holualoa, Kona, Big Island of Hawai’i",Medium-Light,58/74,$29.95/4 ounces,Big Island of Hawai’i,$29.95 ,4 ounces,29.95,4,7.4875,58,74,
Wush Wush,95,"Floyd, Virginia","Sidama growing region, southern Ethiopia",Light,60/82,$20.99/12 ounces,southern Ethiopia,$20.99 ,12 ounces,20.99,12,1.749166667,60,82,
Costa Rica La Florida Red Honey Espresso,95,"Chia-Yi, Taiwan","Copey District, Costa Rica",Medium-Light,54/78,NT $300/8 ounces,Costa Rica,NT $300,8 ounces,300,8,37.5,54,78,
Ethiopia Guji Uraga More Floral Kudume Washed,95,"Yilan, Taiwan","Guji Zone, Oromia Region, Southern Ethiopia",Light,65/82,NT $550/200 grams,Southern Ethiopia,NT $550,200 grams,550,7.054798145,77.961125,65,82,
Taiwan Natural Alishan Zhuo-Wu Geisha,95,"Chia-Yi, Taiwan","Alishan, Chia-Yi, Taiwan",Medium-Light,60/78,NT $600/50 grams,Taiwan,NT $600,50 grams,600,1.763699536,340.194,60,78,
Ethiopia Natural Guji Blue-Donkey 2020,95,"Chia-Yi, Taiwan","Guji Zone, Oromia Region, southern Ethiopia",Medium-Light,59/77,NT $325/8 ounces,southern Ethiopia,NT $325,8 ounces,325,8,40.625,59,77,
Colombia Granja Paraíso-92- Papayo Kōji,95,"Hilo, Hawaii","Piendamó, Cauca Department, Colombia",Light,64/84,$40.00/4 ounces,Colombia,$40.00 ,4 ounces,40,4,10,64,84,
Kenya Nyeri Asali Peaberry,95,"Taipei City, Taiwan","Nyeri growing region, south-central Kenya",Medium-Light,60/77,NT $500/227 grams,south-central Kenya,NT $500,227 grams,500,8.007195894,62.4438326,60,77,
Kenya Wachuri,95,"San Rafael, California","Nyeri growing region, south-central Kenya",Medium,48/66,$22.00/12 ounces,south-central Kenya,$22.00 ,12 ounces,22,12,1.833333333,48,66,
Ethiopia Gera Estate Anaerobic Natural,95,"Charlotte, North Carolina","Djimma growing region, Oromia State, Ethiopia",Medium-Light,60/78,$22.00/12 ounces,Ethiopia,$22.00 ,12 ounces,22,12,1.833333333,60,78,
Colombia Cauca Finca El Paraiso Double-Anaerobic Flor Lychee,95,"Changhua, Taiwan","Cauca Department, Colombia",Medium-Light,60/78,NT $520/200g,Colombia,NT $520,200g,520,7.05,73.75886525,60,78,
Ethiopia Natural Guji Uraga Tome 74110 Lot K06,95,"Chia-Yi, Taiwan","Guji Zone, Oromia Region, southern Ethiopia",Light,63/85,NT $325/8 ounces,southern Ethiopia,NT $325,8 ounces,325,8,40.625,63,85,
Kenya ARES,95,"Taipei, Taiwan","Nyeri growing region, south-central Kenya",Medium-Light,54/74,NT $380/115 grams,south-central Kenya,NT $380,115 grams,380,4.056508933,93.6766087,54,74,
Kenya Baragwi Guama AB,95,"Bedford, New Hampshire","Kirinyaga District, south-central Kenya",Medium-Light,60/80,$17.00/12 ounces,south-central Kenya,$17.00 ,12 ounces,17,12,1.416666667,60,80,
Ethiopia Charbanta Natural,95,"Driftless, Wisconsin","Yirgacheffe growing region, southern Ethiopia",Medium-Light,60/80,$18.00/12 ounces,southern Ethiopia,$18.00 ,12 ounces,18,12,1.5,60,80,
Ethiopia Guji Uraga Tobutu Tuta G1 Experimental LOT 181NA2021,95,"Osaka, Japan","Guji Zone, Oromia Region, southern Ethiopia",Light,72/90,$12.50/100 grams,southern Ethiopia,$12.50 ,100 grams,12.5,3.527399072,3.5436875,72,90,
Panama Finca Minerva-Mirage Pacamara BOP PAC04,95,"Chia-Yi, Taiwan","Boquete growing region, western Panama",Medium-Light,46/76,NT $600/4 ounces,western Panama,NT $600,4 ounces,600,4,150,46,76,
Ethiopia Kochere Boji,95,"Lexington, Virginia","Yirgacheffe growing region, southern Ethiopia",Medium-Light,60/77,$19.95/12 ounces,southern Ethiopia,$19.95 ,12 ounces,19.95,12,1.6625,60,77,
Panama Don Julian Pacamara,95,"Branford, Connecticut","Boquete growing region, western Panama",Light,65/82,$49.99/16 ounces,western Panama,$49.99 ,16 ounces,49.99,16,3.124375,65,82,
El Salvador Finca Kilimanjaro,95,"San Diego, California","Santa Ana Department, El Salvador",Medium-Light,56/80,$25.00/12 ounces,El Salvador,$25.00 ,12 ounces,25,12,2.083333333,56,80,
Ethiopia Nano Genji,95,"Sacramento, California","Agaro Gera, Jimma Zone, Oromia State, Ethiopia",Light,62/80,$25.50/12 ounces,Ethiopia,$25.50 ,12 ounces,25.5,12,2.125,62,80,
Ethiopia Hambela Yellow Honey James Selection,95,"Chia-Yi, Taiwan","Guji Zone, Oromia Region, southern Ethiopia",Light,62/80,NT $410/8 ounces,southern Ethiopia,NT $410,8 ounces,410,8,51.25,62,80,
Sumatra Tano Batak,95,"San Diego, California","Lintong growing region, northern Sumatra, Indonesia",Medium-Light,55/77,$20.99/12 ounces,Indonesia,$20.99 ,12 ounces,20.99,12,1.749166667,55,77,
“Mini-Me” Washed Yirgacheffe,95,"Taoyuan City, Taiwan","Yirgacheffe growing region, southern Ethiopia",Medium-Light,52/74,NT $1300/16 ounces,southern Ethiopia,NT $1300,16 ounces,1300,16,81.25,52,74,
Ethiopia 2022 COE #3 Washed Temam 74110,95,"Chia-Yi, Taiwan","Jimma Zone, Oromia region, southern Ethiopia",Light,62/86,"NT $1,250/4 ounces",southern Ethiopia,"NT $1,250",4 ounces,1250,4,312.5,62,86,
Guatemala Natural Santa Felisa Gesha SF-04 95,95,"Chia-Yi, Taiwan","Acatenango, Chimaltenango Department, Guatemala",Medium-Light,59/75,NT $650/4 ounces,Guatemala,NT $650,4 ounces,650,4,162.5,59,75,
Ethiopia Worka Sakaro,95,"Floyd, Virginia","Gedeb District, Gedeo Zone, southern Ethiopia",Medium-Light,60/78,$22.00/12 ounces,southern Ethiopia,$22.00 ,12 ounces,22,12,1.833333333,60,78,
Geisha Panama Santamaria Natural,95,"Newtown, Sydney, Australia","Paso Ancho, Volcan, western Panama",Medium-Light,54/78,AUD $48.00/200 grams,western Panama,AUD $48.00,200 grams,48,7.054798145,6.80388,54,78,
Colombia Don Ruiz Anaerobic,95,"Lexington, Virginia","Caldas, Colombia",Medium-Light,60/78,$28.50/12 ounces,Colombia,$28.50 ,12 ounces,28.5,12,2.375,60,78,
Sudan Rume,95,"Madison, Wisconsin","Valle del Cauca Department, Colombia",Medium-Light,57/74,$30.00/8 ounces,Colombia,$30.00 ,8 ounces,30,8,3.75,57,74,
Ethiopia Durato Bombe,95,"Miami, Florida","Sidamo growing region, southern Ethiopia",Light,68/92,$24.00/12 ounces,southern Ethiopia,$24.00 ,12 ounces,24,12,2,68,92,
Panama Finca Hartmann,95,"Sacramento, California","Santa Clara, Panama.",Light,63/81,$17.50/12 ounces,Panama.,$17.50 ,12 ounces,17.5,12,1.458333333,63,81,
Ethiopia Sidama Telamo FTO Natural,95,"Berkeley, California","Sidamo (also Sidama) growing region, south-central Ethiopia",Medium-Light,58/76,$23.00/12 ounces,south-central Ethiopia,$23.00 ,12 ounces,23,12,1.916666667,58,76,
Kenya Kamwangi,95,"San Diego, California","Gichugu Division, Kirinyaga County, central Kenya",Medium-Light,58/78,$24.00/12 ounces,central Kenya,$24.00 ,12 ounces,24,12,2,58,78,
Mokka,95,"Holulaloa, Hawaii","Holualoa, North Kona growing district, “Big Island” of Hawaii",Medium-Light,54/76,$39.95/8 ounces,“Big Island” of Hawaii,$39.95 ,8 ounces,39.95,8,4.99375,54,76,
Colombia Finca Juan Martin Aced Sidra,95,"Billings, Montana","Cauca, Colombia",Light,62/80,$31.50/12 ounces,Colombia,$31.50 ,12 ounces,31.5,12,2.625,62,80,
Nano Genji #7,95,"Madison, Wisconsin","Agaro Gera, Jimma Zone, Oromia State, Ethiopia",Medium-Light,58/78,$19.00/12 ounces,Ethiopia,$19.00 ,12 ounces,19,12,1.583333333,58,78,
Colombia Cafe Granja La Esperanza Sidra Natural,95,"Jersey City, New Jersey","Valle del Cauca Department, Colombia",Medium-Light,58/80,$45.00/175 grams,Colombia,$45.00 ,175 grams,45,6.172948377,7.289871429,58,80,
Panama Auromar Camilina Geisha Natural,95,"Henderson, Nevada","Piedra Candela, Chiriqui Province, far western Panama",Medium-Light,60/78,$50.00/4 ounces,far western Panama,$50.00 ,4 ounces,50,4,12.5,60,78,
Ethiopia Washed Yirgacheffe “Paradise” Espresso,95,"Taoyuan City, Taiwan","Yirgacheffe growing region, southern Ethiopia",Medium,47/70,NT $1400/16 ounces,southern Ethiopia,NT $1400,16 ounces,1400,16,87.5,47,70,
Kenya,95,"Taipei City, Taiwan","Nyeri growing region, south-central Kenya",Medium-Light,62/77,NT $600/227 grams,south-central Kenya,NT $600,227 grams,600,8.007195894,74.93259912,62,77,
Golden Parrot Blend,95,"Chia-Yi, Taiwan",Guatemala; Colombia; Ethiopia,Medium,50/67,NT $210/8 ounces,Guatemala; Colombia; Ethiopia,NT $210,8 ounces,210,8,26.25,50,67,
Kenya AB Muchoki,95,"Los Angeles, California","Nyeri growing region, south-central Kenya",Medium-Light,55/75,$19.95/12 ounces,south-central Kenya,$19.95 ,12 ounces,19.95,12,1.6625,55,75,
Ethiopia Guji Chembi,95,"Keelung, Taiwan","Guji Zone, Oromia Region, southern Ethiopia",Medium-Light,58/76,NT $450/227 grams,southern Ethiopia,NT $450,227 grams,450,8.007195894,56.19944934,58,76,
Ethiopia Natural Guji D Minor 21/01,95,"Chia-Yi, Taiwan","Guji Zone, Oromia Region, Southern Ethiopia",Light,64/84,NT $375/8 ounces,Southern Ethiopia,NT $375,8 ounces,375,8,46.875,64,84,
Single-Origin Nitro,95,"Madison, Wisconsin",Ethiopia,Light,NA/NA,$3.49/12 ounces,Ethiopia,$3.49 ,12 ounces,3.49,12,0.290833333,NA,NA,
Ethiopia Natural Sidama Abebe 74110,95,"Chia-Yi, Taiwan","Sidamo growing region, southern Ethiopia",Light,62/80,NT $300/4 ounces,southern Ethiopia,NT $300,4 ounces,300,4,75,62,80,
Ka‘ū JN Farms Malolactic Honey,95,"Hilo, Big Island of Hawai’i","Ka‘ū growing region, Big Island of Hawai’i",Light,62/84,$40.00/4 ounces,Big Island of Hawai’i,$40.00 ,4 ounces,40,4,10,62,84,
Tanzania Gesha Peaberry,95,"Minneapolis, Minnesota","Ngorongoro, Tanzania",Light,62/80,$74.95/4 ounces,Tanzania,$74.95 ,4 ounces,74.95,4,18.7375,62,80,
Ethiopia Natural Guji TAMIRU 74158 Kakalove Lot,95,"Chia-Yi, Taiwan","Guji Zone, Oromia Region, southern Ethiopia",Light,64/84,NT $350/4 ounces,southern Ethiopia,NT $350,4 ounces,350,4,87.5,64,84,
Panama Don Julian Pacamara,95,"Branford, Connecticut","Horcheta, Chiriqui Province, western Panama",Medium-Light,56/80,$49.99/16 ounces,western Panama,$49.99 ,16 ounces,49.99,16,3.124375,56,80,
100% Kona Bourbon Pointu Laurina,95,"Holualoa, Hawaii","Holualoa, North Kona growing district, “Big Island” of Hawaii",Medium-Light,52/76,$44.95/8 ounces,“Big Island” of Hawaii,$44.95 ,8 ounces,44.95,8,5.61875,52,76,
Galaxy Gesha Quindio Colombia Edwin Noreña,95,"Lee, Massachusetts","Circasia, Quindio Department, Colombia",Light,65/86,$38.45/12 ounces,Colombia,$38.45 ,12 ounces,38.45,12,3.204166667,65,86,
Ethiopia Natural Yirgacheffe Gr.1 Cleopatra,95,"Taoyuan, Taiwan","Yirgacheffe growing region, southern Ethiopia",Medium,47/73,NT $1100/8 ounces,southern Ethiopia,NT $1100,8 ounces,1100,8,137.5,47,73,
Colombia Sudan Rume,95,"San Diego, California","Valle del Cauca Department, Colombia",Light,64/82,$80.00/8 ounces,Colombia,$80.00 ,8 ounces,80,8,10,64,82,
Ethiopia Sidama Ardi,95,"Seattle, Washington","Guji Zone, Sidama Province, southern Ethiopia.",Medium-Light,57/78,$19.00/12 ounces,southern Ethiopia.,$19.00 ,12 ounces,19,12,1.583333333,57,78,
Ethiopia Yirgacheffe G1 Idido Natural,95,"Yilan, Taiwan","Gedeo Zone, SNNP Region, southern Ethiopia",Light,65/85,NT $550/200 grams,southern Ethiopia,NT $550,200 grams,550,7.054798145,77.961125,65,85,
Colombia Pink Bourbon Filadelfia,95,"San Diego, California","Huila Department, Colombia",Light,64/82,$26.00/10 ounces,Colombia,$26.00 ,10 ounces,26,10,2.6,64,82,
Ethiopia Dinkalem Ademe Wush Wush,95,"Floyd, Virginia","Guji Zone, Oromia Region, southern Ethiopia",Light,62/84,$28.00/12 ounces,southern Ethiopia,$28.00 ,12 ounces,28,12,2.333333333,62,84,
Ethiopia Getu Kurume Natural,95,"Hsinchu, Taiwan","Yirgacheffe growing region, southern Ethiopia",Light,64/86,NT $460/8 ounces,southern Ethiopia,NT $460,8 ounces,460,8,57.5,64,86,
Colombia Pink Bourbon,95,"Jersey City, New Jersey","Piendamó, Cauca Department, Colombia",Light,64/82,$30.00/250 grams,Colombia,$30.00 ,250 grams,30,8.818497681,3.40194,64,82,
Nyeri Hill Kenya,95,"Madison, Wisconsin","Nyeri growing region, Kenya",Medium-Light,58/80,$20.50/12 ounces,Kenya,$20.50 ,12 ounces,20.5,12,1.708333333,58,80,
Ethiopia West Arsi Nensebo Natural G1,95,"Taichung City, Taiwan","Guji Zone, southern Ethiopia",Medium-Light,52/70,$24.00/12 ounces,southern Ethiopia,$24.00 ,12 ounces,24,12,2,52,70,
Ethiopia Uchoro Nansebo Washed,95,"Floyd, Virginia","Yirgacheffe growing region, southern Ethiopia",Light,60/82,$27.00/12 ounces,southern Ethiopia,$27.00 ,12 ounces,27,12,2.25,60,82,
Nekisse Phantom Roasting,95,"Hong Kong, China","Sidamo growing region, south-central Ethiopia",Light,64/83,HKD $650/150 grams,south-central Ethiopia,HKD $650,150 grams,650,5.291098608,122.8478333,64,83,
Ethiopia Ninety Plus Hachira N2,95,"Yorktown Heights, New York","Yirgacheffe growing region, southern Ethiopia.",Medium,51/67,$30.00/12 ounces,southern Ethiopia.,$30.00 ,12 ounces,30,12,2.5,51,67,
Ethiopia Tibe Haro Uraga,95,"Floyd, Virginia","Uraga District, Guji Zone, Ethiopia",Medium-Light,58/78,$20.49/12 ounces,Ethiopia,$20.49 ,12 ounces,20.49,12,1.7075,58,78,
Yirgacheffe G1 Idido,95,"Taichung, Taiwan","Yirgacheffe growing region, southern Ethiopia",Medium-Light,56/76,NT $760/8 ounces,southern Ethiopia,NT $760,8 ounces,760,8,95,56,76,
La Perla Chiquita Ecuador,95,"Madison, Wisconsin","Pichincha Province, Ecuador",Medium-Light,56/76,$21.00/12 ounces,Ecuador,$21.00 ,12 ounces,21,12,1.75,56,76,
Blue Label La Esmeralda Porton Pascua Gesha,95,"Topeka, Kansas","Boquete growing region, western Panama",Medium-Light,53/85,$60.00/8 ounces,western Panama,$60.00 ,8 ounces,60,8,7.5,53,85,
Mini-Me Washed Kaffa Forest,95,"Taoyuan City, Taiwan","Yirgacheffe growing region, southern Ethiopia",Medium-Dark,40/60,NT $1300/16 ounces,southern Ethiopia,NT $1300,16 ounces,1300,16,81.25,40,60,
Wilton Benitez Geisha,95,"Madison, Wisconsin","Piendamó, Cauca Department, Colombia",Medium-Light,59/81,$25.00/8 ounces,Colombia,$25.00 ,8 ounces,25,8,3.125,59,81,
Colombia Cerro Azul Geisha,95,"San Diego, California","Trujillo, Valle del Cauca Department, Colombia",Light,62/80,$59.00/8 ounces,Colombia,$59.00 ,8 ounces,59,8,7.375,62,80,
Taiwan Natural Alishan TFU’YA Kakalove Lot,95,"Chia-Yi, Taiwan","Alishan, Chia-Yi, Taiwan",Medium-Light,58/78,NT $700/4 ounces,Taiwan,NT $700,4 ounces,700,4,175,58,78,
Panama Geisha Holiday Blend,95,"Los Angeles, California","Boquete growing region, western Panama.",Light,67/88,$24.00/150 grams,western Panama.,$24.00 ,150 grams,24,5.291098608,4.53592,67,88,
Kona Maragogype Peaberry Natural,95,"Pahala, Hawaii","Kona growing region, Big Island of Hawai’i",Medium-Light,58/80,$25.00/4 ounces,Big Island of Hawai’i,$25.00 ,4 ounces,25,4,6.25,58,80,
Ethiopia Wenago Natural,95,"Sacramento, California","Gedeo zone, Yirgacheffe growing region, south-central Ethiopia.",Medium-Light,55/73,$18.00/12 ounces,south-central Ethiopia.,$18.00 ,12 ounces,18,12,1.5,55,73,
Gedeb Ethiopia,95,"Madison, Wisconsin","Gedeb District, Gedeo Zone, southern Ethiopia",Medium-Light,58/82,$18.75/12 ounces,southern Ethiopia,$18.75 ,12 ounces,18.75,12,1.5625,58,82,
Perci Red Panama Gesha,95,"Lee, Massachusetts","Silla Del Pando, Volcan, Panama.",Light,74/101,$72.45/12 ounces,Panama.,$72.45 ,12 ounces,72.45,12,6.0375,74,101,
Camilina Geisha,95,"San Diego, California","Piedra Candela, Chiriqui Province, western Panama",Medium-Light,60/78,$85.00/6 ounces,western Panama,$85.00 ,6 ounces,85,6,14.16666667,60,78,
Ethiopia Hamasho Washed,95,"Minnesota, Minnesota","Bombe Mountains, Sidama Region, Ethiopia",Light,62/81,$25.00/12 ounces,Ethiopia,$25.00 ,12 ounces,25,12,2.083333333,62,81,
Guatemala Finca Cappuccino “Echo-Lot” Espresso,95,"Chia-Yi, Taiwan","Cobán region, Alta Verapaz Department, Guatemala",Medium-Light,50/74,NT $450/16 ounces,Guatemala,NT $450,16 ounces,450,16,28.125,50,74,
Ethiopia Dry-Processed Guji Mt. Kayon,95,"Taichung, Taiwan","Guji Zone, Oromia Region, south-central Ethiopia",Medium-Light,56/75,$35.00/100 grams,south-central Ethiopia,$35.00 ,100 grams,35,3.527399072,9.922325,56,75,
Tanzania Ngila Estate SL28,95,"Minneapolis, Minnesota","Ngorogoro, Tanzania",Light,60/84,$24.95/12 ounces,Tanzania,$24.95 ,12 ounces,24.95,12,2.079166667,60,84,
Gesha Village Estate Bench Maji Gesha G1,95,"Boulder, Colorado","Bench-Maji Zone, Southern Ethiopia",Medium-Light,55/78,$35.00/8 ounces,Southern Ethiopia,$35.00 ,8 ounces,35,8,4.375,55,78,
Panama Auromar Estate Geisha Peaberry,95,"San Diego, California","Piedra Candela, Chiriqui Province, far western Panama",Medium-Light,53/81,$51.00/8 ounces,far western Panama,$51.00 ,8 ounces,51,8,6.375,53,81,
Kenya Karindudu AA,95,"Chicago, Illinois","Nyeri growing region, south-central Kenya",Medium-Light,56/76,$22.00/12 ounces,south-central Kenya,$22.00 ,12 ounces,22,12,1.833333333,56,76,
Colombia Granja Paraíso Java P14,95,"Minneapolis, Minnesota","Cauca Department, Colombia",Light,64/82,$50.00/4 ounces,Colombia,$50.00 ,4 ounces,50,4,12.5,64,82,
Ulos Batak Sumatra Peaberry,95,"Madison, Wisconsin","Northern Sumatra, Indonesia.",Medium-Light,54/78,$18.50/12 ounces,Indonesia.,$18.50 ,12 ounces,18.5,12,1.541666667,54,78,
High Mountain Red Bourbon,95,"Holualoa, Hawaii","Holualoa, North Kona growing district, “Big Island” of Hawaii.",Medium-Light,61/77,$34.95/8 ounces,“Big Island” of Hawaii.,$34.95 ,8 ounces,34.95,8,4.36875,61,77,
Panama Mama Cata Natural,95,"Longwood, Florida","Boquete growing region, western Panama.",Medium,42/63,$33.95/12 ounces,western Panama.,$33.95 ,12 ounces,33.95,12,2.829166667,42,63,
Panama ABU Washed Gesha Lot GW57,95,"Chia-Yi, Taiwan","Cañas Verdes, Boquete growing region, western Panama",Light,64/84,"NT $1,000/4 ounces",western Panama,"NT $1,000",4 ounces,1000,4,250,64,84,
Panama Finca Hartmann Geisha Natural,95,"Sacramento, California","Chiriqui Province, far western Panama",Light,60/84,$54.00/8 ounces,far western Panama,$54.00 ,8 ounces,54,8,6.75,60,84,
Ethiopia COE #8 Sidama Arbegona Muluneh Tute Galcho 74158 Natural,95,"Yilan, Taiwan","Sidamo growing region, southern Ethiopia",Light,63/82,NT $1700/200 grams,southern Ethiopia,NT $1700,200 grams,1700,7.054798145,240.97075,63,82,
Kenya AA Top 405A Espresso,95,"Taoyuan City, Taiwan",Central Kenya.,Medium,47/62,NTD$ 1600 / 16 ounces,Central Kenya.,NTD$ 1600 , 16 ounces,1600,16,100,47,62,
Hacienda La Esmeralda Buenos Aires Geisha Natural,95,"Topeka, Kansas","Jaramillo, Panama",Medium-Light,54/70,$65.00/8 ounces,Panama,$65.00 ,8 ounces,65,8,8.125,54,70,
Holiday Blend,95,"Olympia, Washington",El Salvador; Kenya.,Medium-Light,59/78,$17.25/12 ounces,El Salvador; Kenya.,$17.25 ,12 ounces,17.25,12,1.4375,59,78,
Ethiopia Idido Anaerobic Natural,95,"Minneapolis, Minnesota","Yirgacheffe growing region, southern Ethiopia",Medium-Light,61/80,$20.00/6 ounces,southern Ethiopia,$20.00 ,6 ounces,20,6,3.333333333,61,80,
La Estrella Carbonic Geisha Reserve,95,"Denver, Colorado","Tolima Department, Colombia",Medium-Light,59/77,$30.00/150-gram tin,Colombia,$30.00 ,150-gram tin,30,5.29,5.671077505,59,77,
Ethiopia Biloya Organic,95,"Olympia, Washington","Gedeo Zone, Yirgacheffe growing region, southern Ethiopia.",Medium-Light,55/75,$16.75/12 ounces,southern Ethiopia.,$16.75 ,12 ounces,16.75,12,1.395833333,55,75,
Kenya Chorongi Peaberry,95,"Portland, Maine","Mukaro, Nyeri growing region, south-central Kenya",Medium-Light,50/76,$20.00/12 ounces,south-central Kenya,$20.00 ,12 ounces,20,12,1.666666667,50,76,
Kona Mocca®,95,"Holualoa, Hawaii","Holualoa, North Kona growing district, “Big Island” of Hawaii",Medium,46/62,$44.95/8 ounces,“Big Island” of Hawaii,$44.95 ,8 ounces,44.95,8,5.61875,46,62,
Colombia Granja La Esperanza Java Anaerobic,95,"San Diego, California","Valle del Cauca growing region, Colombia",Medium-Light,53/73,$85.00/6 ounces,Colombia,$85.00 ,6 ounces,85,6,14.16666667,53,73,
Colombia Castillo Fruit Maceration Series (Passionfruit),95,"Jersey City, New Jersey","Armenia, Quindio Department, Colombia",Medium-Light,58/78,$25.00/8 ounces,Colombia,$25.00 ,8 ounces,25,8,3.125,58,78,
Kenya Riakiberu AB,95,"Montrose, Colorado","Muranga District, central Kenya",Medium-Light,55/77,$14.00/250 grams,central Kenya,$14.00 ,250 grams,14,8.818497681,1.587572,55,77,
San Diego Natural,95,"Madison, Wisconsin","Tarrazu, Costa Rica",Medium-Light,55/75,$17.90/12 ounces,Costa Rica,$17.90 ,12 ounces,17.9,12,1.491666667,55,75,
Kiniyota Burundi,95,"Madison, Wisconsin","Buhinyuza District, Muhinga Province, Burundi",Medium-Light,52/78,$17.60/12 ounces,Burundi,$17.60 ,12 ounces,17.6,12,1.466666667,52,78,
Ethiopia Natural Guji Blue Donkey 21/01,95,"Chia-Yi, Taiwan","Guji Zone, Oromia Region, Ethiopia",Light,60/82,NT $325/8 ounces,Ethiopia,NT $325,8 ounces,325,8,40.625,60,82,
Blend No.7 Berrichee,95,"Taipei, Taiwan",Ethiopia; Colombia; Panama; Mexico,Medium-Light,54/74,NT $420/200 grams,Ethiopia; Colombia; Panama; Mexico,NT $420,200 grams,420,7.054798145,59.53395,54,74,
Full Moon Espresso,95,"Taipei, Taiwan",Ethiopia; Guatemala; El Salvador; Panama; Costa Rica,Medium,48/64,NT $550/200 grams,Ethiopia; Guatemala; El Salvador; Panama; Costa Rica,NT $550,200 grams,550,7.054798145,77.961125,48,64,
Ethiopia Sidama Tamiru Tadesse Anaerobic Natural Special Auction Lot,95,"Taipei, Taiwan","Guji Zone, Oromia Region, southern Ethiopia",Light,62/80,$10.00/4 ounces,southern Ethiopia,$10.00 ,4 ounces,10,4,2.5,62,80,
Kona Extra Fancy,95,"Lincoln, California","Kona growing region, “Big Island” of Hawai’i",Medium-Light,58/74,$45.99/12 ounces,“Big Island” of Hawai’i,$45.99 ,12 ounces,45.99,12,3.8325,58,74,
Kenya Thaitu,95,"Louisville, Kentucky","Nakuru County, south-central Kenya",Medium-Light,54/78,$22.00/12 ounces,south-central Kenya,$22.00 ,12 ounces,22,12,1.833333333,54,78,
Colombia Finca Santa Maria,95,"Manlius, New York","Aratoca, Santander Department, Colombia",Medium-Light,58/78,$18.00/12 ounces,Colombia,$18.00 ,12 ounces,18,12,1.5,58,78,
Lemon Sugar Wash,95,"Taipei, Taiwan","Sidamo growing region, south-central Ethiopia",Medium-Light,59/77,NT $550/225 grams,south-central Ethiopia,NT $550,225 grams,550,7.936647913,69.29877778,59,77,
Kenya Thiriku,95,"Sacramento, California","Nyeri growing region, south-central Kenya.",Medium-Light,56/77,$17.50/12 ounces,south-central Kenya.,$17.50 ,12 ounces,17.5,12,1.458333333,56,77,
Colombia Finca Samboni Gesha Anaerobic Natural,95,"Charlotte, North Carolina","Algeciras, Huila Department, Colombia",Light,62/80,$45.00/12 ounces,Colombia,$45.00 ,12 ounces,45,12,3.75,62,80,
Kenya Nyeri Giakanja,95,"San Diego, California","Nyeri County, Central Highlands, Kenya.",Medium,50/55,$28.00/16 ounces,Kenya.,$28.00 ,16 ounces,28,16,1.75,50,55,
Panama La Esmeralda Noria Enero Geisha,95,"Sacramento, California","Boquete growing region, western Panama",Medium-Light,57/83,$76.00/8 ounces,western Panama,$76.00 ,8 ounces,76,8,9.5,57,83,
El Salvador Finca Kilimanjaro Cascara Fermentation Aida Batlle,95,"Topeka, Kansas","Santa Ana Department, El Salvador",Medium,50/71,$35.00/12 ounces,El Salvador,$35.00 ,12 ounces,35,12,2.916666667,50,71,
Auromar Camilina Geisha,95,"Topeka, Kansas","Boquete growing region, western Panama.",Light,62/88,$40.00/8 ounces,western Panama.,$40.00 ,8 ounces,40,8,5,62,88,
Kenya Nyeri Rukira AB,95,"Chia-Yi, Taiwan","Nyeri County, Central Kenya.",Medium,49/66,$20.00/16 ounces,Central Kenya.,$20.00 ,16 ounces,20,16,1.25,49,66,
"Lomi Tasha Worka, Ethiopia",95,"Los Angeles, California","Yirgacheffe growing district, southern Ethiopia.",Light,64/85,$25.00/12 ounces,southern Ethiopia.,$25.00 ,12 ounces,25,12,2.083333333,64,85,
El Jocote Natural,95,"Madison, Wisconsin","Rosario de Desamparados, Tarrazú, Costa Rica",Medium-Light,60/78,$16.00/8 ounces,Costa Rica,$16.00 ,8 ounces,16,8,2,60,78,
Gigesa Natural,95,"Madison, Wisconsin","Guji Zone, Oromia Region, Southern Ethiopia",Medium-Light,58/78,$18.00/12 ounces,Southern Ethiopia,$18.00 ,12 ounces,18,12,1.5,58,78,
Rwanda Bufcafe,95,"Madison, Wisconsin","Nyamagabe district, Southern Province,Rwanda",Medium-Light,54/78,$17.25/12 ounces,Rwanda,$17.25 ,12 ounces,17.25,12,1.4375,54,78,
Kenya Gitare AA TOP,95,"Chia-Yi, Taiwan","Embu County, Eastern Province, Kenya",Light,62/80,NT $340/8 ounces,Kenya,NT $340,8 ounces,340,8,42.5,62,80,
Kenya AA,95,"New Taipei City, Taiwan",Central Kenya.,Medium-Light,56/79,NT$500/8 ounces,Central Kenya.,NT$500,8 ounces,500,8,62.5,56,79,
Mora Negra Geisha Hartmann Farm,95,"Charlottesville, Virginia","Chiriqui Province, far western Panama",Medium-Light,56/78,$29.00/8 ounces,far western Panama,$29.00 ,8 ounces,29,8,3.625,56,78,
Yemen Natural Sana’a Manakhah Ja’adi,95,"Chia-Yi, Taiwan","Manakhah, Sana'a, Yemen",Medium-Light,58/77,NT $900/4 ounces,Yemen,NT $900,4 ounces,900,4,225,58,77,
Ethiopia Bench Maji Gesha Special Natural Lot 03,95,"Chia-Yi, Taiwan","Bench-Maji Zone, southern Ethiopia",Light,64/81,NT $400/8 ounces,southern Ethiopia,NT $400,8 ounces,400,8,50,64,81,
Ethiopia Cup of Excellence Guji Natural,95,"Minneapolis, Minnesota","West Guji Zone, Hambela Wamena Woreda, Ethiopia",Light,68/90,$19.95/4 ounces,Ethiopia,$19.95 ,4 ounces,19.95,4,4.9875,68,90,
Guatemala El Milagro Bourbon Especial,95,"Topeka, Kansas","Huehuetenango, Guatemala",Medium-Light,60/78,$28.00/12 ounces,Guatemala,$28.00 ,12 ounces,28,12,2.333333333,60,78,
Ethiopia Suke Quto Organic,95,"Ramsey, Minnesota","Guji Zone, Oromia Region, Sidamo growing region, south-central Ethiopia.",Medium,52/65,$14.95/12 ounces,south-central Ethiopia.,$14.95 ,12 ounces,14.95,12,1.245833333,52,65,
Coffea Diversa Rume Sudan Winey,95,"Minneapolis, Minnesota","Suchitan, Guatemala",Light,64/84,$19.95/4 ounces,Guatemala,$19.95 ,4 ounces,19.95,4,4.9875,64,84,
Gori Gesha Forest,95,"Charlottesville, Virginia","Bench-Maji Zone, western Ethiopia",Medium-Light,54/74,$35.00/8 ounces,western Ethiopia,$35.00 ,8 ounces,35,8,4.375,54,74,
Panama La Mula Geisha Washed,95,"Yilan, Taiwan","Chiriqui Province, western Panama",Light,60/82,NT $1800/60 grams,western Panama,NT $1800,60 grams,1800,2.116439443,850.485,60,82,
Ethiopia Guji Laayoo Natural,95,"Minneapolis, Minnesota","Uraga District, Guji Zone, Ethiopia",Light,64/84,$24.95/12 ounces,Ethiopia,$24.95 ,12 ounces,24.95,12,2.079166667,64,84,
El Salvador Finca Mileydi Pacamara,95,"Floyd, Virginia","Cantón El Tunel, La Palma, Chalatenango, El Salvador",Medium-Light,60/78,$24.99/12 ounces,El Salvador,$24.99 ,12 ounces,24.99,12,2.0825,60,78,
Kenya Gathiruini,95,"Washington, DC","Kiambu County, south-central Kenya",Medium-Light,56/78,$25.00/12 ounces,south-central Kenya,$25.00 ,12 ounces,25,12,2.083333333,56,78,
Panama Ratibor Hartmann Natural,95,"Sacramento, California","Santa Clara, Piedra Candela, Volcan growing region, western Panama",Medium-Light,58/80,$17.50/12 ounces,western Panama,$17.50 ,12 ounces,17.5,12,1.458333333,58,80,
Ka’u IPA Natural,95,"Minneapolis, Minnesota","Ka’u growing region, Big Island of Hawai’i",Medium-Light,58/78,$25.00/4 ounces,Big Island of Hawai’i,$25.00 ,4 ounces,25,4,6.25,58,78,
Ecuador Finca Lugmapata Mejorado,95,"Minneapolis, Minnesota","Pallatanga, Chimborazo, Ecuador",Light,64/80,$18.00/6 ounces,Ecuador,$18.00 ,6 ounces,18,6,3,64,80,
Gedeb Lot 83 Ethiopia Natural,95,"Madison, Wisconsin","Gedeb District, Gedeo Zone, southern Ethiopia",Medium-Light,58/82,$18.95/12 ounces,southern Ethiopia,$18.95 ,12 ounces,18.95,12,1.579166667,58,82,
Colombia Granja La Esperanza Las Margaritas Sudan Rume,95,"Topeka, Kansas","Valle del Cauca growing region, Colombia",Medium-Light,52/78,$35.00/8 ounces,Colombia,$35.00 ,8 ounces,35,8,4.375,52,78,
Kenya Gachatha,95,"Sacramento, California",South-central Kenya,Medium-Light,54/72,$22.50/12 ounces,South-central Kenya,$22.50 ,12 ounces,22.5,12,1.875,54,72,
Karen J Kona Red Bourbon Natural Anaerobic,95,"Holualoa, Hawai’i","Holualoa, North Kona growing district, “Big Island” of Hawai’i",Medium-Light,56/76,$49.95/8 ounces,“Big Island” of Hawai’i,$49.95 ,8 ounces,49.95,8,6.24375,56,76,
Ethiopia Natural Yirgacheffe Banko Gutiti Coop,95,"Chia-Yi, Taiwan","Kochere, Yirgacheffe growing region, south-central Ethiopia",Light,62/84,NT $600/16 ounces,south-central Ethiopia,NT $600,16 ounces,600,16,37.5,62,84,
Bedhatu Jibicho Natural,95,"Madison, Wisconsin","Gedeb District, Gedeo Zone, southern",Medium-Light,60/76,$20.00/12 ounces,southern,$20.00 ,12 ounces,20,12,1.666666667,60,76,
Adame Gorbota Espresso,95,"Madison, Wisconsin","Yirgacheffe growing region, south-central Ethiopia",Medium-Light,56/72,$17.50/12 ounces,south-central Ethiopia,$17.50 ,12 ounces,17.5,12,1.458333333,56,72,
Cerro Azul Geisha,95,"Madison, Wisconsin","Trujillo, Valle del Cauca Department, Colombia",Light,62/80,$28.00/8 ounces,Colombia,$28.00 ,8 ounces,28,8,3.5,62,80,
Worka Ethiopia,95,"Madison, Wisconsin","Yirgacheffe growing region, south-central Ethiopia",Medium-Light,58/78,$18.75/12 ounces,south-central Ethiopia,$18.75 ,12 ounces,18.75,12,1.5625,58,78,
Costa Rica Alberto Guardia Venecia Natural,95,"Sacramento, California","Central Valley, Costa Rica",Light,60/82,$18.50/12 ounces,Costa Rica,$18.50 ,12 ounces,18.5,12,1.541666667,60,82,
Ethiopia Guji Uraga Washed,95,"Taipei, Taiwan","Guji Zone, southern Ethiopia",Medium-Light,60/78,NT $252/227 grams,southern Ethiopia,NT $252,227 grams,252,8.007195894,31.47169163,60,78,
Ethiopia Sidamo Washed,95,"Taipei, Taiwan","Sidama (also Sidamo) growing region, southern Ethiopia",Medium-Light,58/78,NT $372/227 grams,southern Ethiopia,NT $372,227 grams,372,8.007195894,46.45821145,58,78,
Static Amaro Gayo Natural Ethiopia,95,"Chino, California","Yirgacheffe growing region, southern Ethiopia",Medium,45/61,$17.00/12 ounces,southern Ethiopia,$17.00 ,12 ounces,17,12,1.416666667,45,61,
Kabiufa Papua New Guinea,95,"Madison, Wisconsin","Kabiufa, Eastern Highlands, Papua New Guinea",Light,60/82,$18.00/12 ounces,Papua New Guinea,$18.00 ,12 ounces,18,12,1.5,60,82,
Bernachon Panama Geisha,95,"Taipei, Taiwan","Boquete growing region, western Panama",Medium-Light,60/76,NT $2800/454 grams,western Panama,NT $2800,454 grams,2800,16.01439179,174.8427313,60,76,
Guatemala El Injerto Natural Legendary Gesha 7,95,"Chia-Yi, Taiwan","La Libertad, Huehuetenango Department, Guatemala",Light,62/80,NT $600/4 ounces,Guatemala,NT $600,4 ounces,600,4,150,62,80,
Lugmapata Ecuador,95,"Madison, Wisconsin","Pallatanga, Chimborazo Province, Ecuador",Medium-Light,60/80,$18.00/8 ounces,Ecuador,$18.00 ,8 ounces,18,8,2.25,60,80,
Kenya Nyeri Jungle Estate Red Cherry SLD Anaerobic Natural,95,"New Taipei City, Taiwan","Nyeri growing region, south-central Kenya",Medium-Light,57/77,NT $750/227 grams,south-central Kenya,NT $750,227 grams,750,8.007195894,93.6657489,57,77,
Panama Hacienda La Esmeralda Geisha Washed,95,"Yilan, Taiwan","Boquete growing region, western Panama",Medium,46/60,NT $800/100 grams,western Panama,NT $800,100 grams,800,3.527399072,226.796,46,60,
Worka Sakaro Ethiopia,95,"Madison, Wisconsin","Worka Sakaro, Gedeb District, Gedeo Zone, Ethiopia",Light,62/84,$20.00/12 ounces,Ethiopia,$20.00 ,12 ounces,20,12,1.666666667,62,84,
Pointu Laurina,95,"Holualoa, Hawaii","Holualoa, North Kona growing district, “Big Island” of Hawai’i",Medium,46/60,$65.95/8 ounces,“Big Island” of Hawai’i,$65.95 ,8 ounces,65.95,8,8.24375,46,60,
Ecuador Finca Cruz Loma,95,"Taoyuan, Taiwan","San Jose de Minas, Pichincha, Ecuador",Medium-Dark,40/54,NT $3600/100 grams,Ecuador,NT $3600,100 grams,3600,3.527399072,1020.582,40,54,
Ethiopia Demeka Becha,95,"Floyd, Virginia","Sidama growing region, southern Ethiopia",Light,64/82,$21.99/12 ounces,southern Ethiopia,$21.99 ,12 ounces,21.99,12,1.8325,64,82,
Kenya AA Lot-125 “Queen Flora”,95,"Taoyuan City, Taiwan",Kenya,Medium-Dark,44/56,NT $900/8 ounces,Kenya,NT $900,8 ounces,900,8,112.5,44,56,
Ethiopia Yirgacheffe Gotiti Natural,95,"Hsinchu, Taiwan","Yirgacheffe growing region, southern Ethiopia",Medium-Light,58/80,NT $380/8 ounces,southern Ethiopia,NT $380,8 ounces,380,8,47.5,58,80,
Sumatra Boru Batak,95,"San Diego, California","Lintongnihuta, northern Sumatra, Indonesia",Medium-Light,57/79,$17.50/10 ounces,Indonesia,$17.50 ,10 ounces,17.5,10,1.75,57,79,
Barokah Honey Sumatra,95,"Madison, Wisconsin","Gunung Tujuh, Kerinci, Sumatra, Indonesia",Medium-Light,58/80,$19.00/12 ounces,Indonesia,$19.00 ,12 ounces,19,12,1.583333333,58,80,
Ethiopia Super Wush,95,"Chicago, Illinois","Sama, Ana Sora District, Oromia Region, Ethiopia",Light,62/80,$26.00/12 ounces,Ethiopia,$26.00 ,12 ounces,26,12,2.166666667,62,80,
Ethiopia Natural Guji Dasaya SP,95,"Chia-Yi, Taiwan","Guji Zone, Oromia Region, southern Ethiopia",Medium-Light,58/78,NT $350/8 ounces,southern Ethiopia,NT $350,8 ounces,350,8,43.75,58,78,
Kenya Nyeri Kiama FCS Ichuga Factory Peaberry,95,"Seattle, Washington",South-central Kenya,Medium,49/68,$19.50/12 ounces,South-central Kenya,$19.50 ,12 ounces,19.5,12,1.625,49,68,
Bull Espresso Blend,95,"New Taipei City, Taiwan",Guatemala; Brazil; Kenya,Medium-Light,56/76,NT $450/454 grams,Guatemala; Brazil; Kenya,NT $450,454 grams,450,16.01439179,28.09972467,56,76,
RD1 Espresso Blend,95,"Hsinchu, Taiwan",Guatemala; Ethiopia; Brazil; Indonesia,Medium-Light,54/72,NT $300/8 ounces,Guatemala; Ethiopia; Brazil; Indonesia,NT $300,8 ounces,300,8,37.5,54,72,
Guatemala San Sebastian Natural,95,"San Francisco, California","Antigua Valley, Guatemala",Medium-Light,59/78,$14.50/250 grams,Guatemala,$14.50 ,250 grams,14.5,8.818497681,1.644271,59,78,
A.G.E. Duetto Espresso,95,"Kaohsiung City, Taiwan",Panama; Ethiopia,Medium-Light,56/76,$26.00/8 ounces,Panama; Ethiopia,$26.00 ,8 ounces,26,8,3.25,56,76,
Harfusa Ethiopia Yirgacheffe Fair Trade Organic,95,"Madison, Wisconsin","Yirgacheffe growing region, southern Ethiopia",Medium-Light,54/76,$17.80/12 ounces,southern Ethiopia,$17.80 ,12 ounces,17.8,12,1.483333333,54,76,
Sweet Kenya J36 Espresso,95,"Taipei, Taiwan","Nyeri growing region, south-central Kenya",Medium-Light,52/76,NT $400/120 grams,south-central Kenya,NT $400,120 grams,400,4.232878887,94.49833333,52,76,
Ethiopia Natural Guji DoReMi,95,"Chia-Yi, Taiwan","Guji Zone, Oromia Region, southern Ethiopia",Medium-Light,57/77,NT $210/8 ounces,southern Ethiopia,NT $210,8 ounces,210,8,26.25,57,77,
Panama Elida Washed Gesha,95,"Jersey City, New Jersey","Boquete growing region, western Panama",Light,64/84,$60.00/150 grams,western Panama,$60.00 ,150 grams,60,5.291098608,11.3398,64,84,
Kona Mocca®,95,"Holualoa, Hawai’i","Holualoa, North Kona growing district, “Big Island” of Hawai’i",Medium-Light,57/78,$89.95/8 ounces,“Big Island” of Hawai’i,$89.95 ,8 ounces,89.95,8,11.24375,57,78,
Panama El Burro Estate Natural Gesha,95,"Chiya-Yi, Taiwan","Potrerillo Arriba, Boquete, Panama",Medium-Light,58/77,"NT $1,400/4 ounces",Panama,"NT $1,400",4 ounces,1400,4,350,58,77,
Panama Elida Green-Tip Geisha La Torre ASD,95,"Branford, Connecticut","Boquete growing region, western Panama",Light,62/84,$120.00/16 ounces,western Panama,$120.00 ,16 ounces,120,16,7.5,62,84,
Gesha Village Natural Oma Block Lot 72,95,"Chia-Yi, Taiwan","Bench-Maji Zone, Southern Ethiopia",Medium-Light,56/77,NT $3200/16 ounces,Southern Ethiopia,NT $3200,16 ounces,3200,16,200,56,77,
Tanzania Acacia Hills Gesha Peaberry,95,"San Jose, California","Ngorongoro, Tanzania",Medium-Light,62/78,$120.00/6 ounces,Tanzania,$120.00 ,6 ounces,120,6,20,62,78,
Colombia Granja La Esperanza Las Margaritas Gesha Honey,95,"Topeka, Kansas","Caicedonia, Valle del Cauca Department, Colombia",Light,62/80,$60.00/8 ounces,Colombia,$60.00 ,8 ounces,60,8,7.5,62,80,
Gesha Village Lot 76 Nasha Block,95,"Kaohslung City, Taiwan","Bench-Maji Zone, Southern Ethiopia",Light,64/86,$37.00/4 ounces,Southern Ethiopia,$37.00 ,4 ounces,37,4,9.25,64,86,
Ninety Plus Panama Gesha Estate MS Joseph Brodsky 2307,95,"Hong Kong, China","Chiriqui Province, far western Panama",Medium-Light,58/82,$280.00/70 grams; $200.00/50 grams,far western Panama,$280.00 ,70 grams; $200.00/50 grams,280,24762343.25,1.13E-05,58,82,
Gesha Village Auction Lot 26 Gori Gesha Natural,95,"Markham, Ontario, Canada","Bench-Maji Zone, Southern Ethiopia",Medium-Light,54/74,CAD $30.00/100 grams,Southern Ethiopia,CAD $30.00,100 grams,30,3.527399072,8.50485,54,74,
Karen J Kona Red Bourbon,95,"Holualoa, Hawai’i","Holualoa, North Kona growing district, “Big Island” of Hawai’i",Medium-Light,56/78,$49.95/8 ounces,“Big Island” of Hawai’i,$49.95 ,8 ounces,49.95,8,6.24375,56,78,
Ethiopia Bench Maji Gesha Village Dimma Illubabor Forest A6 Natural,95,"New Taipei City, Taiwan","Bench-Maji Zone, Southern Ethiopia",Light,64/82,NT $475/113 grams,Southern Ethiopia,NT $475,113 grams,475,3.985960952,119.1682522,64,82,
Camilina Geisha Auromar Natural,95,"Boulder, Colorado","Piedra Candela, Chiriqui Province, far western Panama",Light,58/84,$49.50/8 ounces,far western Panama,$49.50 ,8 ounces,49.5,8,6.1875,58,84,
Flight Seasonal Espresso,95,"Floyd, Virginia",Ethiopia; Dominican Republic,Medium-Light,58/74,$18.99/12 ounces,Ethiopia; Dominican Republic,$18.99 ,12 ounces,18.99,12,1.5825,58,74,
Finca El Obraje Colombia Gesha,95,"Santa Rosa Beach, Florida","Narino Department, southern Colombia",Medium,46/64,$29.95/6 ounces,southern Colombia,$29.95 ,6 ounces,29.95,6,4.991666667,46,64,
Karuthi Kenya,95,"Madison, Wisconsin","Nyeri growing region, south-central Kenya",Medium-Light,53/76,$18.95/12 ounces,south-central Kenya,$18.95 ,12 ounces,18.95,12,1.579166667,53,76,
Karuthi Espresso,95,"Madison, Wisconsin","Nyeri growing region, south-central Kenya",Medium-Light,53/77,$18.95/12 ounces,south-central Kenya,$18.95 ,12 ounces,18.95,12,1.579166667,53,77,
Ethiopia Shantawene Natural,95,"San Diego, California","Sidamo (also Sidama) growing region, south-central Ethiopia",Medium-Light,60/76,$22.00/12 ounces,south-central Ethiopia,$22.00 ,12 ounces,22,12,1.833333333,60,76,
Ethiopia Tamiru Tadesse Natural,95,"Big Lake, Alaska","Sidamo (also Sidama) growing region, south-central Ethiopia",Light,64/80,$26.50/4 ounces,south-central Ethiopia,$26.50 ,4 ounces,26.5,4,6.625,64,80,
Puna Arakawa Estate Lactic Natural,95,"Minneapolis, Minnesota","Kurtistown, Puna, “Big Island” of Hawai’i",Medium-Light,60/78,$30.00/4 ounces,“Big Island” of Hawai’i,$30.00 ,4 ounces,30,4,7.5,60,78,
Washed Yirgacheffe Aramo Alemayehu Berhanu,95,"Chia-Yi, Taiwan","Yirgacheffe growing region, southern Ethiopia",Medium-Light,56/78,$19.00/16 ounces,southern Ethiopia,$19.00 ,16 ounces,19,16,1.1875,56,78,
Panama Abu Geisha Lot 6,95,Branford Connecticut,"Cañas Verdes, Boquete growing region, Panama",Medium-Light,58/80,$75.00/12 ounces,Panama,$75.00 ,12 ounces,75,12,6.25,58,80,
El Obraje Geisha,95,"Boulder, Colorado","Nariño Department, southern Colombia",Medium-Light,50/73,$32.00/12 ounces,southern Colombia,$32.00 ,12 ounces,32,12,2.666666667,50,73,
Costa Rica Volcan Azul San Isidro Red Honey,95,"Topeka, Kansas","Poás Volcano region, Alajuela Province, Costa Rica",Medium-Light,58/76,$22.00/12 ounces,Costa Rica,$22.00 ,12 ounces,22,12,1.833333333,58,76,
Washed Ethiopia Yirgacheffe Banko Gotiti,95,"Taipei, Taiwan","Kochere, Yirgacheffe growing region, south-central Ethiopia",Medium-Light,58/82,NT $550/8 ounces,south-central Ethiopia,NT $550,8 ounces,550,8,68.75,58,82,
Reserve Panama Geisha Hacienda La Esmeralda,95,"Chicago, Illinois","Boquete growing region, western Panama",Medium-Light,54/86,$53.00/8 ounces,western Panama,$53.00 ,8 ounces,53,8,6.625,54,86,
Hacienda Esmeralda Ethiopian Accessions,95,"Jersey City, New Jersey","Boquete, Panama",Light,62/80,$25.00/8 ounces,Panama,$25.00 ,8 ounces,25,8,3.125,62,80,
Haraaz Red,95,"Madison, Wisconsin","Haraaz growing region, Yemen",Medium-Light,58/82,$17.50/8 ounces,Yemen,$17.50 ,8 ounces,17.5,8,2.1875,58,82,
Kenya Kirinyaga Baragwi Guama AB,95,"Chia-Yi, Taiwan","Kirinyaga District, south-central Kenya",Medium-Light,59/77,NT $600/16 ounces,south-central Kenya,NT $600,16 ounces,600,16,37.5,59,77,
Panama La Esmeralda Bosque Geisha,95,"San Diego, California","Boquete growing region, western Panama",Medium-Light,53/80,$50.00/8 ounces,western Panama,$50.00 ,8 ounces,50,8,6.25,53,80,
Cerro Azul Geisha,95,"Madison, Wisconsin","Trujillo, Valle del Cauca, Colombia",Medium-Light,58/80,$30.00/8 ounces,Colombia,$30.00 ,8 ounces,30,8,3.75,58,80,
Chelbesa Ethiopia,95,"Madison, Wisconsin","Chelchele, Gedeb District, Gedeo Zone, Ethiopia",Medium-Light,58/78,$18.00/8 ounces,Ethiopia,$18.00 ,8 ounces,18,8,2.25,58,78,
Panama Mama Cata Geisha Champagne Natural,95,"Minneapolis, Minnesota","Boquete growing region, Panama",Light,64/88,$50.00/4 ounces,Panama,$50.00 ,4 ounces,50,4,12.5,64,88,
Kenya Small-Lot Reserve Karatina AA,95,"Boulder, Colorado","Nyeri growing region, south-central Kenya",Medium-Light,56/78,$18.00/12 ounces,south-central Kenya,$18.00 ,12 ounces,18,12,1.5,56,78,
El Salvador El Matazano Pacamara,95,"San Diego, California","Chalatenango Department, El Salvador",Medium-Light,60/77,$21.00/12 ounces,El Salvador,$21.00 ,12 ounces,21,12,1.75,60,77,
Ethiopia Yirgacheffe Worka Sakaro,95,"Minneapolis, Minnesota","Gedeb District, Gedeo Zone, southern Ethiopia",Medium-Light,57/79,$25.00/12 ounces,southern Ethiopia,$25.00 ,12 ounces,25,12,2.083333333,57,79,
Bekele Heto Natural Ethiopia,95,"Madison, Wisconsin","Worka-Sakaro, Gedeb District, Gedeo Zone",Medium-Light,58/80,$19.00/12 ounces,Gedeo Zone,$19.00 ,12 ounces,19,12,1.583333333,58,80,
El Socorro Maracaturra,95,"San Diego, California","Palencia, Guatemala",Medium-Light,60/74,$26.00/12 ounces,Guatemala,$26.00 ,12 ounces,26,12,2.166666667,60,74,
"Gesha Village 1931, Lot 86",95,"Charlottesville, Virginia","Bench-Maji Zone, Southern Ethiopia",Medium-Light,54/78,$75.00/8 ounces,Southern Ethiopia,$75.00 ,8 ounces,75,8,9.375,54,78,
Costa Rica Alberto Guardia Bourbon Natural,95,"Sacramento, California","Central Valley, Costa Rica",Medium-Light,60/80,$20.50/12 ounces,Costa Rica,$20.50 ,12 ounces,20.5,12,1.708333333,60,80,
Sumatra Tano Batak,95,"Newport Beach, California","Lintong growing region, North Sumatra Province, Sumatra, Indonesia",Medium,51/62,$15.25/12 ounces,Indonesia,$15.25 ,12 ounces,15.25,12,1.270833333,51,62,
Kona Bourbon Champagne Natural Uluwehi Farm,95,"Minneapolis, Minnesota","Holualoa, Kona, Big Island of Hawai’i",Medium-Light,57/74,$30.00/4 ounces,Big Island of Hawai’i,$30.00 ,4 ounces,30,4,7.5,57,74,
Karatina Kenya,95,"Madison, Wisconsin","Nyeri growing region, south-central Kenya",Medium-Light,60/78,$22.00/12 ounces,south-central Kenya,$22.00 ,12 ounces,22,12,1.833333333,60,78,
Karatina Kenya,95,"Madison, Wisconsin","Nyeri County, Kenya",Medium-Light,58/76,$23.00/12 ounces,Kenya,$23.00 ,12 ounces,23,12,1.916666667,58,76,
Kona SL34 Champagne Natural Uluwehi Farm,95,"Minneapolis, Minnesota","Holualoa, Kona, Big Island of Hawai’i",Medium-Light,58/76,$30.00/4 ounces,Big Island of Hawai’i,$30.00 ,4 ounces,30,4,7.5,58,76,
Ethiopia Jimma Agaro,95,"Columbus, Ohio","Jimma Zone, Oromia State, Ethiopia",Light,66/87,$20.00/12 ounces,Ethiopia,$20.00 ,12 ounces,20,12,1.666666667,66,87,
Tanzania Mbeya Mimba,95,"Lexington, Virginia","Mbozi, Mbeya growing region, southwestern Tanzania",Medium-Light,58/76,$18.75/12 ounces,southwestern Tanzania,$18.75 ,12 ounces,18.75,12,1.5625,58,76,
Fruity Espresso Blend,95,"Hong Kong, China",Panama; Ethiopia; Kenya,Medium-Light,56/74,HKD $118/200 grams,Panama; Ethiopia; Kenya,HKD $118,200 grams,118,7.054798145,16.726205,56,74,
Gesha Spirits,95,"San Diego, California","Huila, Colombia",Medium-Light,60/77,$24.50/5.5 ounces,Colombia,$24.50 ,5.5 ounces,24.5,55,0.445454545,60,77,
Las Flores Espresso,95,"Madison, Wisconsin","Santa Maria de Dota valley, Tarrazu growing region, Costa Rica",Medium-Light,57/78,$15.80/12 ounces,Costa Rica,$15.80 ,12 ounces,15.8,12,1.316666667,57,78,
Ethiopia Gedeb Worka Wuri,95,"San Diego, California","Gedeb District, Gedeo Zone, southern Ethiopia",Light,62/80,$26.00/12 ounces,southern Ethiopia,$26.00 ,12 ounces,26,12,2.166666667,62,80,
Ethiopia Natural Guji Hambella Wate Peaberry,95,"Chia-Yi, Taiwan","Guji Zone, Oromia Region, Ethiopia",Light,62/84,NT $375/8 ounces,Ethiopia,NT $375,8 ounces,375,8,46.875,62,84,
Thiriku AA Kenya,95,"Topeka, Kansas",Central Kenya,Medium,47/65,$24.50/12 ounces,Central Kenya,$24.50 ,12 ounces,24.5,12,2.041666667,47,65,
Colombia Finca El Caucho Pink Bourbon,95,"Minneapolis, Minnesota","Huila, Colombia",Light,62/80,$16.95/6 ounces,Colombia,$16.95 ,6 ounces,16.95,6,2.825,62,80,
Blade Runner Blend,95,"Newtown, Sydney, Australia",Kenya; Ethiopia; Brazil,Medium-Light,56/82,AUD $16.00/250 grams,Kenya; Ethiopia; Brazil,AUD $16.00,250 grams,16,8.818497681,1.814368,56,82,
Ethiopia Natural Shakisso Mormora 74112,95,"Chia-Yi, Taiwan","Guji Zone, Oromia Region, southern Ethiopia",Medium-Light,54/76,NT $325/8 ounces,southern Ethiopia,NT $325,8 ounces,325,8,40.625,54,76,
Ethiopia Sidama Ardi,95,"San Rafael, California","Guji Zone, Borena Hagermariam District, Ethiopia",Light,64/86,$19.00/12 ounces,Ethiopia,$19.00 ,12 ounces,19,12,1.583333333,64,86,
Ethiopia Washed Shakisso Mormora 74112,95,"Chia-Yi, Taiwan","Guji Zone, Oromia Region, southern Ethiopia",Medium-Light,58/78,NT $325/8 ounces,southern Ethiopia,NT $325,8 ounces,325,8,40.625,58,78,
Kiamugumo Kenya,95,"Madison, Wisconsin","Kirinyaga County, south-central Kenya",Medium-Light,58/80,$21.00/12 ounces,south-central Kenya,$21.00 ,12 ounces,21,12,1.75,58,80,
Candelilla Geisha Natural,95,"Madison, Wisconsin","Tarrazu growing region, Costa Rica",Light,62/80,$21.50/8 ounces,Costa Rica,$21.50 ,8 ounces,21.5,8,2.6875,62,80,
Tang Bohu Espresso Blend,95,"Taoyuan, Taiwan",Ethiopia; Kenya; Colombia; Costa Rica,Medium,45/70,NT $650/8 ounces,Ethiopia; Kenya; Colombia; Costa Rica,NT $650,8 ounces,650,8,81.25,45,70,
Ethiopia Natural Hambela Wate,95,"Chia-Yi, Taiwan","Guji Zone, Oromia Region, southern Ethiopia",Medium-Light,58/76,NT $310/8 ounces,southern Ethiopia,NT $310,8 ounces,310,8,38.75,58,76,
Panama Hacienda La Esmeralda Porton 5N49 Gesha Natural,95,"Topeka, Kansas","Alto Quiel, Panama",Medium-Light,60/77,$65.00/8 ounces,Panama,$65.00 ,8 ounces,65,8,8.125,60,77,
Mama Cata Mokkita,95,"Washington, D.C.","Boquete growing region, western Panama",Medium-Light,54/72,$80.00/12 ounces,western Panama,$80.00 ,12 ounces,80,12,6.666666667,54,72,
Ecuador Peñaherrera AAA,95,"San Diego, California","Ibarra, Imbabura Province, Ecuador",Medium-Light,58/76,$25.00/12 ounces,Ecuador,$25.00 ,12 ounces,25,12,2.083333333,58,76,
P.r.o. Coffee Ethiopia Yirgacheffe,95,"Shanghai, China","Yirgacheffe growing region, southern Ethiopia",Medium-Light,56/78,RMB $120.00/227 grams,southern Ethiopia,RMB $120.00,227 grams,120,8.007195894,14.98651982,56,78,
Kenya Kirinyaga Mukangu AB,95,"Chia-Yi, Taiwan","Kirinyaga District, south-central Kenya",Medium-Light,54/76,NT $650/16 ounces,south-central Kenya,NT $650,16 ounces,650,16,40.625,54,76,
Panama Hacienda La Esmeralda Super Mario Geisha Yeast Washed,95,"Taipei, Taiwan","Boquete growing region, Panama",Medium-Light,60/77,NT $1250/60 grams,Panama,NT $1250,60 grams,1250,2.116439443,590.6145833,60,77,
Ethiopia Guji Goro Muda Washed G1,95,"Kaohsiung City, Taiwan","Guji Zone, southern Ethiopia",Light,64/82,NT $450/8 ounces,southern Ethiopia,NT $450,8 ounces,450,8,56.25,64,82,
Ethiopia Honey Yirgacheffe Idido G1,95,"Chia-Yi, Taiwan","Gedeo Zone, SNNP Region, southern Ethiopia",Medium-Light,60/80,NT $350/8 ounces,southern Ethiopia,NT $350,8 ounces,350,8,43.75,60,80,
Kenya Gathugu,95,"Lee, Massachusetts","Nyeri growing region, south-central Kenya",Medium-Light,60/80,$17.95/12 ounces,south-central Kenya,$17.95 ,12 ounces,17.95,12,1.495833333,60,80,
Kenya AA Kigwandi Estate,95,"Branford, Connecticut","Nyeri County, Central Highlands, Kenya.",Medium-Light,59/75,$17.99/16 ounces,Kenya.,$17.99 ,16 ounces,17.99,16,1.124375,59,75,
Kenya Washed Nakuru Gachombe Factory AB,95,"Chia-Yi, Taiwan","Nakuru County, Kenya",Medium-Light,56/78,NT $210/8 ounces,Kenya,NT $210,8 ounces,210,8,26.25,56,78,
Hawaii Ka‘ū Bourbon Anaerobic Natural,95,"Minneapolis, Minnesota","Ka‘ū growing region, Big Island of Hawai’i",Medium-Light,57/74,$30.00/4 ounces,Big Island of Hawai’i,$30.00 ,4 ounces,30,4,7.5,57,74,
Kenya Embu Gakui Peaberry,95,"Torrington, Connecticut","Kiambu County, south-central Kenya.",Medium-Light,54/70,$17.50/12 ounces,south-central Kenya.,$17.50 ,12 ounces,17.5,12,1.458333333,54,70,
Ethiopia Washed Yirgacheffe Adado,95,"Chia-Yi, Taiwan","Yirgacheffe growing region, southern Ethiopia",Medium-Light,56/78,NT $550/16 ounces,southern Ethiopia,NT $550,16 ounces,550,16,34.375,56,78,
El Salvador Aida Batlle La Florida Natural,95,"Ventura, California","Apaneca-Ilamatepec growing region, El Salvador",Medium-Light,56/74,$18.65/12 ounces,El Salvador,$18.65 ,12 ounces,18.65,12,1.554166667,56,74,
Colombia Geisha Cordillera,95,"San Diego, California","Santa Barbara, Antioquia Department, Colombia",Medium-Light,58/78,$65.00/8 ounces,Colombia,$65.00 ,8 ounces,65,8,8.125,58,78,
Kenya Nyeri Peaberry,95,"Tulsa, Oklahoma","Nyeri County, Central Highlands, Kenya.",Medium-Light,55/76,$14.40/12 ounces,Kenya.,$14.40 ,12 ounces,14.4,12,1.2,55,76,
Panama Static Gesha Natural,95,"Topeka, Kansas","Boquete growing region, Panama",Medium-Light,58/77,$45.00/12 ounces,Panama,$45.00 ,12 ounces,45,12,3.75,58,77,
Kenya Karindundu,95,"Floyd, Virginia","Nyeri growing region, south-central Kenya",Medium-Light,56/78,$17.99/12 ounces,south-central Kenya,$17.99 ,12 ounces,17.99,12,1.499166667,56,78,
100% Kona Bourbon Pointu Laurina,95,"Holualoa, Hawaii","Holualoa, North Kona growing district, “Big Island” of Hawai’i",Medium-Light,56/78,$62.95/8 ounces,“Big Island” of Hawai’i,$62.95 ,8 ounces,62.95,8,7.86875,56,78,
Rwanda Silverback Espresso,95,"Taoyuan City, Taiwan",Rwanda.,Medium-Dark,43/52,"NT $1,200/16 ounces",Rwanda.,"NT $1,200",16 ounces,1200,16,75,43,52,
“Sweety” Espresso Blend,95,"Hong Kong, China",Panama; Ethiopia,Medium-Light,50/73,HKD $250/227 grams,Panama; Ethiopia,HKD $250,227 grams,250,8.007195894,31.2219163,50,73,
Chasing Horizon Natural Espresso,95,"Taoyuan, Taiwan",Ethiopia,Medium,48/64,NT $800/8 ounces,Ethiopia,NT $800,8 ounces,800,8,100,48,64,
Supernatural,95,"Lee, Massachusetts","Sidama Region, south-central Ethiopia",Medium-Light,56/74,$18.45/12 ounces,south-central Ethiopia,$18.45 ,12 ounces,18.45,12,1.5375,56,74,
Yemen Sheba Auction Lot 1: Wadi Al Mahjr,95,"Taipei, Taiwan","Al Mahjr, Al Hayma District, Yemen",Medium-Light,56/78,NT $500/4 ounces,Yemen,NT $500,4 ounces,500,4,125,56,78,
Kenya Peaberry Top Hill Farm Espresso,95,Taiwan,"Nyeri growing region, south-central Kenya",Medium,45/58,NT $550/200 grams,south-central Kenya,NT $550,200 grams,550,7.054798145,77.961125,45,58,
Ethiopia Washed Kayon Mountain,95,"Chia-Yi, Taiwan","Odo Shakiso District, Guji Zone, southern Ethiopia",Medium-Light,58/80,NT $550/16 ounces,southern Ethiopia,NT $550,16 ounces,550,16,34.375,58,80,
Ethiopia Belayneh Bariso Natural,95,"Bozeman, Montana","Sidama growing region, southern Ethiopia",Medium-Light,58/76,$19.50/12 ounces,southern Ethiopia,$19.50 ,12 ounces,19.5,12,1.625,58,76,
Yemen Al Mashtal Al Burhani,95,"Minneapolis, Minnesota","Haraaz, Yemen",Medium-Light,58/74,$30.00/4 ounces,Yemen,$30.00 ,4 ounces,30,4,7.5,58,74,
Ka‘ū Lactic Natural,95,"Minneapolis, Minnesota","Ka‘ū, Big Island of Hawai‘i",Medium-Light,60/77,$30.00/4 ounces,Big Island of Hawai‘i,$30.00 ,4 ounces,30,4,7.5,60,77,
Nicaragua Pacamara Los Congos Lot #8,95,"Sacramento, California","San Fernando, Nueva Segovia region, Nicaragua",Light,68/82,$20.00/250 grams,Nicaragua,$20.00 ,250 grams,20,8.818497681,2.26796,68,82,
Holiday Blend,95,"Kaohsiung, Taiwan",Guatemala; Ethiopia.,Light,66/82,$25.00/8 ounces,Guatemala; Ethiopia.,$25.00 ,8 ounces,25,8,3.125,66,82,
British Style Espresso Blend,95,"Taipei City, Taiwan",Panama; Honduras; Ethiopia,Medium,50/64,NT $500/227 grams,Panama; Honduras; Ethiopia,NT $500,227 grams,500,8.007195894,62.4438326,50,64,
Holiday Blend,95,"Bozeman, Montana",Ethiopia; Kenya.,Medium-Light,54/77,$15.25/12 ounces,Ethiopia; Kenya.,$15.25 ,12 ounces,15.25,12,1.270833333,54,77,
El Burro Geisha Tachi Natural,95,"Ovledo, Florida","Boquete growing region, western Panama",Medium-Light,55/75,$46.95/12 ounces,western Panama,$46.95 ,12 ounces,46.95,12,3.9125,55,75,
Kenya Gichathaini,95,"Lexington, Virginia","Mathira West District, Nyeri growing region, Kenya",Medium-Light,60/78,$24.95/12 ounces,Kenya,$24.95 ,12 ounces,24.95,12,2.079166667,60,78,
Flight Seasonal Espresso,95,"Floyd, Virginia","Colombia, Ethiopia, Kenya",Medium-Light,56/80,$16.49/12 ounces,Kenya,$16.49 ,12 ounces,16.49,12,1.374166667,56,80,
Ethiopia Sidamo Karamo,95,"San Diego, California","Sidamo growing region, southern Ethiopia",Light,62/80,$26.00/12 ounces,southern Ethiopia,$26.00 ,12 ounces,26,12,2.166666667,62,80,
Emma’s Jo: The Leam Hammer Competition Espresso,95,"Boulder, Colorado",Central America; South America; East Africa,Medium-Light,55/75,$18.00/12 ounces,Central America; South America; East Africa,$18.00 ,12 ounces,18,12,1.5,55,75,
Panama Elida Natural Lot #13,95,"Sacramento, California","Boquete growing region, western Panama",Light,63/86,$20.00/250 grams,western Panama,$20.00 ,250 grams,20,8.818497681,2.26796,63,86,
Colombia Antioquia Natural Carbonic Maceration Caturra,95,"Chia-Yi, Taiwan","Antioquia Department, Colombia",Medium-Light,60/80,NT $310/8 ounces,Colombia,NT $310,8 ounces,310,8,38.75,60,80,
Colombia Pink Bourbon Honey,95,"San Diego, California","Huila Department, Colombia",Medium-Light,60/80,$29.00/12 ounces,Colombia,$29.00 ,12 ounces,29,12,2.416666667,60,80,
Ethiopia Odola Washed,95,"Bozeman, Montana","Uraga, Guji Zone, Oromia Region, Southern Ethiopia",Light,60/82,$18.95/12 ounces,Southern Ethiopia,$18.95 ,12 ounces,18.95,12,1.579166667,60,82,
Peru Amazonas Los Santos Geisha Natural,95,"Taipei, Taiwan","Utcubamba Province, Amazonas region, northern Peru",Light,64/80,NT $950/227 grams,northern Peru,NT $950,227 grams,950,8.007195894,118.6432819,64,80,
Ethiopia Alemaza Natural SOE,95,"Taipei, Taiwan","Sidama Region, south-central Ethiopia",Medium-Light,58/77,NT $360/8 ounces,south-central Ethiopia,NT $360,8 ounces,360,8,45,58,77,
“Fruity” Espresso Blend,95,"Hong Kong, China",Ethiopia; Kenya; China,Medium-Light,54/78,HKD $200/227 grams,Ethiopia; Kenya; China,HKD $200,227 grams,200,8.007195894,24.97753304,54,78,
Kona Natural Espresso,95,"Holualoa, Hawai’i","Holualoa, North Kona growing district, “Big Island” of Hawai’i",Medium-Light,57/77,$62.95/8 ounces,“Big Island” of Hawai’i,$62.95 ,8 ounces,62.95,8,7.86875,57,77,
Tano Batak Sumatra,95,"Madison, Wisconsin","Lintong growing region, North Sumatra Province, Sumatra, Indonesia",Medium-Light,54/80,$16.50/12 ounces,Indonesia,$16.50 ,12 ounces,16.5,12,1.375,54,80,
Colombia Tres Dragones,95,"Jersey City, New Jersey","Caicedonia, Valle de Cauca Department, Colombia",Medium-Light,60/76,$22.50/10 ounces,Colombia,$22.50 ,10 ounces,22.5,10,2.25,60,76,
Nicaragua Cafe Vidita Los Congos Pacamara Natural,95,"Boulder, Colorado","Nueva Segovia, Nicaragua",Light,63/91,$18.00/12 ounces,Nicaragua,$18.00 ,12 ounces,18,12,1.5,63,91,
Berg Wu Championship Sidamo Washed G1 Lot 20-02,95,"Chia-Yi, Taiwan","Sidama (also Sidamo) growing region, southern Ethiopia",Light,64/84,NT $340/8 ounces,southern Ethiopia,NT $340,8 ounces,340,8,42.5,64,84,
Kenya Kinuyu AA,95,"Sacramento, California","Kirinyaga District, south-central Kenya",Medium-Light,57/70,$21.00/12 ounces,south-central Kenya,$21.00 ,12 ounces,21,12,1.75,57,70,
Ecuador Loja Hacienda La Papaya Bourbon Sidra 168hr Anaerobic Natural,95,"New Taipei City, Taiwan","San Lorenzo, Saraguro, Loja, Ecuador",Light,64/84,NT $330/113 grams,Ecuador,NT $330,113 grams,330,3.985960952,82.79057522,64,84,
Panama Hacienda La Esmeralda Ethiopia Accessions,95,"Minneapolis, Minnesota","Boquete growing region, western Panama",Light,62/82,$24.95/4 ounces,western Panama,$24.95 ,4 ounces,24.95,4,6.2375,62,82,
Panama Finca Deborah Afterglow Geisha Natural,95,"Macao, China","Volcán growing region, Chiriquí Province, Panama",Light,62/80,HKD $498/105 grams,Panama,HKD $498,105 grams,498,3.703769026,134.4576286,62,80,
Dafis Abafita Natural Ethiopia,95,"Topeka, Kansas","Oromia Region, Jimma Zone, Ethiopia",Light,64/84,$21.50/12 ounces,Ethiopia,$21.50 ,12 ounces,21.5,12,1.791666667,64,84,
Finca La Mula Panama Geisha Natural,95,"Madison, Wisconsin","Chiriqui, western Panama.",Medium-Light,52/73,$49.95/8 ounces,western Panama.,$49.95 ,8 ounces,49.95,8,6.24375,52,73,
Kona Geisha Champagne Natural,95,"Minneapolis, Minnesota","Kealakekua, Kona, Big Island of Hawaii",Light,64/84,$74.95/4 ounces,Big Island of Hawaii,$74.95 ,4 ounces,74.95,4,18.7375,64,84,
Colombia Wush Wush Dynamic Natural,95,"Osaka, Japan","San Augustín, Huila Department, Colombia",Light,75/93,$33.00/200 grams,Colombia,$33.00 ,200 grams,33,7.054798145,4.6776675,75,93,
Ethiopia Rhapsody Espresso,95,"Taipei, Taiwan","Yirgacheffe growing region, southern Ethiopia",Medium-Light,52/70,NT $599/227 grams,southern Ethiopia,NT $599,227 grams,599,8.007195894,74.80771145,52,70,
Ethiopia Sidama Special Lot Natural,95,"Boulder, Colorado","Guji Zone, Sidama Province, southern Ethiopia",Light,63/86,$18.00/12 ounces,southern Ethiopia,$18.00 ,12 ounces,18,12,1.5,63,86,
Meaza Ethiopia,95,"Portland, Oregon","Borena Zone, Yirgacheffe growing region, southern Ethiopia",Medium-Light,54/74,$15.00/250 grams,southern Ethiopia,$15.00 ,250 grams,15,8.818497681,1.70097,54,74,
Brazil Fazenda Samambaia Natural Fermentation Arara,95,"Chia-Yi, Taiwan","Santo Antônio do Amparo, Minas Gerais State, Brazil",Medium-Light,58/76,NT $600/8 ounces,Brazil,NT $600,8 ounces,600,8,75,58,76,
Ethiopia Boke Washed Grade 1,95,"Sacramento, California","Boke, Gamo Gofa Zone, Southern Ethiopia.",Medium-Light,57/82,$17.00/12 ounces,Southern Ethiopia.,$17.00 ,12 ounces,17,12,1.416666667,57,82,
Ethiopia Yirgacheffe G1 Mulugeta Tsige,95,"Yilan, Taiwan","Yirgacheffe growing region, south-central Ethiopia",Medium-Light,60/78,NT $500/200 grams,south-central Ethiopia,NT $500,200 grams,500,7.054798145,70.87375,60,78,
Guatemala El Injerto Pacamara,95,"Branford, Connecticut","Huehuetenango growing region, Guatemala.",Medium,54/64,$34.99/16 ounces,Guatemala.,$34.99 ,16 ounces,34.99,16,2.186875,54,64,
Ethiopia Kayon Mountain,95,"Lexington, Virginia","Odo Shakiso District, Guji Zone, southern Ethiopia",Light,65/86,$24.00/12 ounces,southern Ethiopia,$24.00 ,12 ounces,24,12,2,65,86,
Colombia Rigoberto Herrera Granja La Esperanza Hybrid Washed Gesha,95,"Jersey City, New Jersey","Cauca Department, Colombia",Light,66/90,$60.00/250 grams,Colombia,$60.00 ,250 grams,60,8.818497681,6.80388,66,90,
Panama Geisha Aroma Roast,95,"Taoyuan City, Taiwan","Chiriqui Province, Panama",Medium,49/71,NT $2600/8 ounces,Panama,NT $2600,8 ounces,2600,8,325,49,71,
Colombia El Vergel #1,95,"Plymouth, Massachusetts","Huila Department, Colombia",Light,62/80,$15.00/12 ounces,Colombia,$15.00 ,12 ounces,15,12,1.25,62,80,
Mocha Java,95,"Waterbury, Vermont","East Africa and Java, Indonesia.",Medium,47/62,$9.49/12 ounces,Indonesia.,$9.49 ,12 ounces,9.49,12,0.790833333,47,62,
Elida Natural Dragonfly Lot,95,"Henderson, Nevada","Alto Quiel, Panama",Medium-Light,54/70,$20.00/12 ounces,Panama,$20.00 ,12 ounces,20,12,1.666666667,54,70,
Kona Geisha Champagne Natural,95,"Hilo, Hawai’i Island, Hawai’i","Hōlualoa, North Kona growing region, Hawai’i Island, Hawai’i",Light,64/88,$200.00/4 ounces,Hawai’i,$200.00 ,4 ounces,200,4,50,64,88,
Colombia Cauca Finca EI Paraiso 92 Pink Bourbon,95,"Taitung, Taiwan","Piendamó, Cauca Department, Colombia",Light,66/92,NT $600/200 grams,Colombia,NT $600,200 grams,600,7.054798145,85.0485,66,92,
Karen J Kona Red Bourbon Anaerobic,95,"Holualoa, Hawai’i","Holualoa, North Kona growing district, “Big Island” of Hawai’i",Medium-Light,58/82,$54.95/8 ounces,“Big Island” of Hawai’i,$54.95 ,8 ounces,54.95,8,6.86875,58,82,
Colombia Wilder Lasso Geisha Lot 2 Anaerobic Washed,95,"Boulder, Colorado","Huila Department, Colombia",Light,66/103,$40.00/150 grams,Colombia,$40.00 ,150 grams,40,5.291098608,7.559866667,66,103,
Flowery Nekisse,95,"Kaohsiung City, Taiwan","Sidamo (also Sidama) growing region, south-central Ethiopia",Medium-Light,60/80,$18.00/8 ounces,south-central Ethiopia,$18.00 ,8 ounces,18,8,2.25,60,80,
Ethiopia Kayon Mountain,95,"Lexington, Virginia","Odo Shakiso District, Guji Zone, southern Ethiopia",Light,64/88,$24.00/12 ounces,southern Ethiopia,$24.00 ,12 ounces,24,12,2,64,88,
Riripa Ethiopia,95,"Madison, Wisconsin","Riripa Village, West Arsi, Sidamo growing region, Ethiopia",Light,60/84,$20.00/12 ounces,Ethiopia,$20.00 ,12 ounces,20,12,1.666666667,60,84,
Ethiopia Washed Guji Uraga Haro Adama,95,"Chia-Yi, Taiwan","Guji Zone, Oromia Region, southern Ethiopia",Light,64/86,NT $280/8 ounces,southern Ethiopia,NT $280,8 ounces,280,8,35,64,86,
Kibugu Kenya,95,"Lexington, Virginia","Embu County, Eastern Province, Kenya",Medium-Light,54/74,$19.95/12 ounces,Kenya,$19.95 ,12 ounces,19.95,12,1.6625,54,74,
Poseidon Blend Espresso,95,"Yilan, Taiwan","Yirgacheffe, Sidamo, Huehuetenango",Medium-Light,52/74,NT $300/227 grams,Huehuetenango,NT $300,227 grams,300,8.007195894,37.46629956,52,74,
Yemen Al-Obbarat,95,"Minneapolis, Minnesota","Al-Haimah, Yemen",Medium-Light,54/72,$49.95/4 ounces,Yemen,$49.95 ,4 ounces,49.95,4,12.4875,54,72,
Colombia Tolimas,95,"Belmar, New Jersey","Tolima Department, central Colombia",Medium,50/56,$15.00/12 ounces,central Colombia,$15.00 ,12 ounces,15,12,1.25,50,56,
Panama Elida Estate,95,"Seattle, Washington","Alto Quiel, Boquete, Panama.",Medium-Light,54/80,$14.00/12 ounces,Panama.,$14.00 ,12 ounces,14,12,1.166666667,54,80,
Ethiopia Natural Sidama ALO Village FL,95,"Chia-Yi, Taiwan","Sidamo growing region, southern Ethiopia",Light,62/84,NT $480/4 ounces,southern Ethiopia,NT $480,4 ounces,480,4,120,62,84,
Espresso Nuevo,95,"Ramsey, Minnesota",Not disclosed.,Medium-Dark,39/54,$12.95/12 ounces,Not disclosed.,$12.95 ,12 ounces,12.95,12,1.079166667,39,54,
Colombia José Julián Giraldo Pink Bourbon Panela Sticky,95,"Durham, North Carolina","Acevedo, Huila Department, Colombia",Light,65/89,$17.00/100 grams,Colombia,$17.00 ,100 grams,17,3.527399072,4.819415,65,89,
Guatemala Xeucalvitz,95,"Portland, Oregon","El Quiche Department, south central Guatemala",Medium-Light,58/79,$12.00/250 grams (8.8 ounces),south central Guatemala,$12.00 ,250 grams (8.8 ounces),12,884.9538793,0.013560029,58,79,
Ethiopia Natural Sidama Espresso,95,"Chia-Yi, Taiwan","Sidama growing region, southern Ethiopia",Light,66/86,NT 220/8 ounces,southern Ethiopia,NT 220,8 ounces,220,8,27.5,66,86,
Ethiopia Kochere Washed Saona Lot,95,"Chia-Yi, Taiwan","Yirgacheffe growing region, south-central Ethiopia",Medium-Light,57/79,NT $290/8 ounces,south-central Ethiopia,NT $290,8 ounces,290,8,36.25,57,79,
Costa Rica Micro Lot “Pepe” Honey Processed,95,"Portland, Maine","Naranjo, Costa Rica.",Medium-Light,53/69,$14.90/12 ounces,Costa Rica.,$14.90 ,12 ounces,14.9,12,1.241666667,53,69,
Ethiopia Natural Sidama Bacha 74110,95,"Chia-Yi, Taiwan","Sidama growing region, southern Ethiopia",Light,66/88,NT 325/8 ounces,southern Ethiopia,NT 325,8 ounces,325,8,40.625,66,88,
Ethiopia Yirgacheffe Adame G1 Washed 95,95,"Taipei, Taiwan","Yirgacheffe growing region, south-central Ethiopia",Light,67/92,NT 319/8 ounces,south-central Ethiopia,NT 319,8 ounces,319,8,39.875,67,92,
100% Kona Bourbon Pointu Laurina,95,"Holualoa, Hawaii","Holualoa, North Kona growing district, “Big Island” of Hawaii",Medium-Light,53/75,$62.95/8 ounces,“Big Island” of Hawaii,$62.95 ,8 ounces,62.95,8,7.86875,53,75,
Costa Rica Aris Red Honey Lot 1901 Espresso,95,"Chia-Yi, Taiwan",Costa Rica,Medium,50/68,NT $200/8 ounces,Costa Rica,NT $200,8 ounces,200,8,25,50,68,
Ethiopia Dimtu,95,"Floyd, Virginia","Hambela Wamena District, Guji Zone, Ethiopia",Medium-Light,58/82,$20.99/12 ounces,Ethiopia,$20.99 ,12 ounces,20.99,12,1.749166667,58,82,
Kenya Nyeri Yerihar AA Lot 1901 Espresso,95,"Chia-Yi, Taiwan","Nyeri growing region, south-central Kenya",Medium-Light,52/78,NT $325/8 ounces,south-central Kenya,NT $325,8 ounces,325,8,40.625,52,78,
Colombia Edwin Enrique Noreña Pink Bourbon,95,"Durham, North Carolina","Quindio Department, Colombia",Light,62/80,$42.00/10 ounces,Colombia,$42.00 ,10 ounces,42,10,4.2,62,80,
Kenya Kiandu,95,"Ithaca, New York","Nyeri County, Central Highlands, Kenya.",Medium-Light,54/81,$23.00/12 ounces,Kenya.,$23.00 ,12 ounces,23,12,1.916666667,54,81,
Kona Geisha Peaberry Yeast Fermentation Washed,95,"Hilo, Hawaii","Holualoa, Hawai’i Island, Hawaii",Light,59/84,$80/4 ounces,Hawaii,$80 ,4 ounces,80,4,20,59,84,
Kenya Karatu AA,95,"Sioux Falls, South Dakota","Thika growing region, central Kenya.",Medium,50/68,$29.95/12 ounces,central Kenya.,$29.95 ,12 ounces,29.95,12,2.495833333,50,68,
Kenya Karinga,95,"Portland, Oregon","Rwafura Region, central Kenya.",Medium,52/67,$20.00/12 ounces,central Kenya.,$20.00 ,12 ounces,20,12,1.666666667,52,67,
Marcela Gesha Espresso,95,"Chicago, Illinois","Tolima growing region, Colombia",Light,67/88,$49.00/8 ounces,Colombia,$49.00 ,8 ounces,49,8,6.125,67,88,
Colombia Paraiso 92 Double Anaerobic,95,"Taitung, Taiwan","Piendamó, Cauca Department, Colombia",Medium-Light,52/74,NT $430/200 grams,Colombia,NT $430,200 grams,430,7.054798145,60.951425,52,74,
Colombia Sierra Morena Pink Bourbon,95,"Viroqua, Wisconsin","Palestina, Huila Department, Colombia",Light,60/84,$25.00/12 ounces,Colombia,$25.00 ,12 ounces,25,12,2.083333333,60,84,
Kona Red Bourbon Anaerobic Washed Kona Rainforest,95,"Hilo, Hawaii","South Kona growing region, Big Island of Hawai’i",Light,60/82,$60.00/4 ounces,Big Island of Hawai’i,$60.00 ,4 ounces,60,4,15,60,82,
Lycello Panama Gesha,95,"Lee, Massachusetts","Silla Del Pando, Volcan, Panama.",Medium-Light,56/71,$45.45/16 ounces,Panama.,$45.45 ,16 ounces,45.45,16,2.840625,56,71,
Kenya Embu Gicherori Factory AA Top,95,"Yilan, Taiwan","Embu County, Kenya",Medium-Light,58/74,NT $580/200 grams,Kenya,NT $580,200 grams,580,7.054798145,82.21355,58,74,
Costa Rica Las Lajas Perla Negra,95,"Durango, Colorado","Sabanilla de Alajuela growing region, Costa Rica",Medium-Light,58/80,$18.95/12 ounces,Costa Rica,$18.95 ,12 ounces,18.95,12,1.579166667,58,80,
Kenya AA Top Gicherori Espresso,95,"Yilan, Taiwan","Embu County, Kenya",Medium,44/62,NT 550/200 grams,Kenya,NT 550,200 grams,550,7.054798145,77.961125,44,62,
Colombia Finca Milan Washed Nitro Caturra,95,"Billings, Montana","Vereda El Hoga, Risaralda, Colombia",Light,64/84,$32.00/12 ounces,Colombia,$32.00 ,12 ounces,32,12,2.666666667,64,84,
Jingle Bell Natural Yirgacheffe,95,"Taipei City, Taiwan","Yirgacheffe growing region, southern Ethiopia.",Light,58/84,$10.00/8 ounces,southern Ethiopia.,$10.00 ,8 ounces,10,8,1.25,58,84,
Colombia Geisha Claudia Samboni,95,"Reno, Nevada","Peñas Blancas Mountains, Acevedo, Colombia",Medium-Light,61/80,$30.00/12 ounces,Colombia,$30.00 ,12 ounces,30,12,2.5,61,80,
El Salvador Loma La Gloria Unicorn Natural,95,"Reno, Nevada","El Bálsamo, Quetzaltepec growing region, El Salvador",Light,64/88,$29.00/10 ounces,El Salvador,$29.00 ,10 ounces,29,10,2.9,64,88,
Panama La Esmeralda Especial,95,"Newport Beach, California","Boquete growing region, western Panama",Medium-Light,57/74,$39.95/10 ounces,western Panama,$39.95 ,10 ounces,39.95,10,3.995,57,74,
Kenya Kamviu,95,"Sacramento, California","Embu District, Central Highlands, Kenya.",Medium,52/61,$16.50/12 ounces,Kenya.,$16.50 ,12 ounces,16.5,12,1.375,52,61,
Kona Noir,95,"Mountain View, Hawai’i","Holualoa, Kona, Big Island of Hawai’i",Light,62/84,$59.00/10 ounces,Big Island of Hawai’i,$59.00 ,10 ounces,59,10,5.9,62,84,
Kenya Kirinyaga,95,"Floyd, Virginia","Kirinyaga District, south-central Kenya",Light,60/82,$25.00/12 ounces,south-central Kenya,$25.00 ,12 ounces,25,12,2.083333333,60,82,
Ignacio Quintero Colombia,95,"Madison, Wisconsin","Inza, Cauca Department, Colombia",Medium-Light,58/78,$18.00/12 ounces,Colombia,$18.00 ,12 ounces,18,12,1.5,58,78,
Yirgacheffe Belekatu,95,"Denver, Colorado","Yirgacheffe growing region, southern Ethiopia.",Medium-Light,52/70,$15.00/12 ounces,southern Ethiopia.,$15.00 ,12 ounces,15,12,1.25,52,70,
Kenya Nyeri AA Tegu,95,"Taichung City, Taiwan","Nyeri growing region, south-central Kenya.",Medium-Light,56/76,TWD $450/100 grams,south-central Kenya.,TWD $450,100 grams,450,3.527399072,127.57275,56,76,
Colombia San Martin Bourbon Aji Star Fruit Peach Honey,95,"Yilan, Taiwan","Huila Department, Colombia",Light,64/88,NT $650/200 grams,Colombia,NT $650,200 grams,650,7.054798145,92.135875,64,88,
Colombia Paraiso 92 Geisha Double Anaerobic,95,"Taitung, Taiwan","Piendamó, Cauca Department, Colombia",Light,62/82,NT $750/200 grams,Colombia,NT $750,200 grams,750,7.054798145,106.310625,62,82,
Putra Gayo Sumatra Espresso,95,"Madison, Wisconsin","Aceh Province, Sumatra, Indonesia",Medium-Light,59/77,$23.00/12 ounces,Indonesia,$23.00 ,12 ounces,23,12,1.916666667,59,77,
Kenya Mamuto,95,"Acton, Massachusetts","Kirinyaga region, south-central Kenya",Medium-Light,58/76,$29.00/12 ounces,south-central Kenya,$29.00 ,12 ounces,29,12,2.416666667,58,76,
Elida Estate Geisha Natural Dragonfly Reserve,95,"Boulder, Colorado","Boquete growing region, western Panama",Medium-Light,54/78,$70.00/8 ounces,western Panama,$70.00 ,8 ounces,70,8,8.75,54,78,
Kenya Kiambu Uklili AA,95,"Chia-Yi, Taiwan","Kiambu growing region, south-central Kenya",Medium,52/68,NT $350/8 ounces,south-central Kenya,NT $350,8 ounces,350,8,43.75,52,68,
Maui Mokka Peaberry,95,"Pahala, Hawaii","Kaanapali district, near Lahaina, West Maui, Hawaii",Medium-Dark,42/55,$24.00/8 ounces,Hawaii,$24.00 ,8 ounces,24,8,3,42,55,
Guatemala Pacamara Natural,95,"Hsinchu, Taiwan","Acatenango growing region, Guatemala",Medium-Light,57/77,NT $1450/8 ounces,Guatemala,NT $1450,8 ounces,1450,8,181.25,57,77,
Yabitu Koba Ethiopia,95,"Madison, Wisconsin","Guji Zone, Oromia Region, southern Ethiopia",Medium-Light,58/78,$23.00/12 ounces,southern Ethiopia,$23.00 ,12 ounces,23,12,1.916666667,58,78,
Las Margaritas Colombia Sudan Rume Natural,95,"Madison, Wisconsin","Caicendonia, Valle Del Cauca, Cauca Department, Colombia",Light,62/86,$25.00/8 ounces,Colombia,$25.00 ,8 ounces,25,8,3.125,62,86,
Kenya Konyu,95,"Youngstown, Ohio","Kirinyaga District, south-central Kenya",Medium-Light,57/81,$16.25/10 ounces,south-central Kenya,$16.25 ,10 ounces,16.25,10,1.625,57,81,
Colombia Red Honey Geisha Campo Hermoso,95,"Barronett, Wisconsin","Armenia, Quindio Department, Colombia",Light,59/86,$32.00/12 ounces,Colombia,$32.00 ,12 ounces,32,12,2.666666667,59,86,
Hacienda La Esmeralda Cabana Geisha Natural,95,"Boulder, Colorado","Boquete growing region, western Panama",Medium-Light,57/83,$75.00/8 ounces,western Panama,$75.00 ,8 ounces,75,8,9.375,57,83,
Colombia Chiroso Caturra Washed,95,"Jersey City, New Jersey","Urrao Region, Medellin, Antioquia, Colombia",Light,65/81,$30.00/250 grams,Colombia,$30.00 ,250 grams,30,8.818497681,3.40194,65,81,
Kona SL 34 Anaerobic Washed Kona Rainforest,95,"Hilo, Hawaii","South Kona, Big Island of Hawai’i",Light,65/81,$60.00/4 ounces,Big Island of Hawai’i,$60.00 ,4 ounces,60,4,15,65,81,
Yaye Chericho Ethiopia Espresso,95,"Madison, Wisconsin","Chericho, Sidamo growing region, Ethiopia",Medium-Light,60/78,$22.00/8 ounces,Ethiopia,$22.00 ,8 ounces,22,8,2.75,60,78,
Kenya Tuikit Factory AA,95,"Chia-Yi, Taiwan","Bungoma, Kenya",Medium-Light,56/72,NT $300/8 ounces,Kenya,NT $300,8 ounces,300,8,37.5,56,72,
Colombia Thermal Shock Double Anaerobic Granja Paraiso Orange Gesha,95,"Chia-Yi, Taiwan","Piendamo, Cauca, Colombia",Light,64/80,NT $450/4 ounces,Colombia,NT $450,4 ounces,450,4,112.5,64,80,
Organic Suke Quto Ethiopia,95,"Austin, Texas","Guji Zone, Oromia Region, south-central Ethiopia",Medium-Light,56/74,$19.00/12 ounces,south-central Ethiopia,$19.00 ,12 ounces,19,12,1.583333333,56,74,
Panama Gesha Estates: Perci Estate 29 Natural,95,"Branford, Connecticut","Silla Del Pando, Volcan, Panama.",Medium-Light,60/78,$45.00/8 ounces,Panama.,$45.00 ,8 ounces,45,8,5.625,60,78,
Ethiopia Washed Uraga More Floral Kurume Espresso,95,"Chia-Yi, Taiwan","Guji Zone, Oromia Region, southern Ethiopia",Medium-Light,58/79,NT $270/8 ounces,southern Ethiopia,NT $270,8 ounces,270,8,33.75,58,79,
Kenya Gethembwini,95,"Brooklyn, New York",South-central Kenya.,Medium-Light,57/73,$21.00/12 ounces,South-central Kenya.,$21.00 ,12 ounces,21,12,1.75,57,73,
Mexico Santa Teresa BCS 02: Cabernet Franc Barrel,95,"Annapolis, Maryland","Chiapas State, Mexico",Medium-Light,58/79,$20.00/12 ounces,Mexico,$20.00 ,12 ounces,20,12,1.666666667,58,79,
Ethiopia Sidama ARDI,95,"Portland, Oregon","Sidamo growing region, southern Ethiopia.",Medium-Light,54/76,$10.00 / 250 g. (8.8 ounces),southern Ethiopia.,$10.00 , 250 g. (8.8 ounces),10,25088,0.000398597,54,76,
Ethiopia Mr. Ocholo Bedecho,95,"Lexington, Virginia","Haro Wachu, Uraga, Guji Zone, Oromia Region, Ethiopia",Light,58/84,$22.00/12 ounces,Ethiopia,$22.00 ,12 ounces,22,12,1.833333333,58,84,
Ethiopia Natural “Phoenix”,95,"Taoyuan City, Taiwan",Ethiopia,Medium,44/60,"NT $1,400/8 ounces",Ethiopia,"NT $1,400",8 ounces,1400,8,175,44,60,
Guatemala El Injerto Malawi Geisha Washed,95,"Yilan, Taiwan","Huehuetenango Department, Guatemala",Light,69/88,NT $950/100 grams,Guatemala,NT $950,100 grams,950,3.527399072,269.32025,69,88,
Tanzania Ngorongoro Ridge Peaberry,95,"Bedford, New Hampshire","Arusha Region, northern Tanzania",Medium-Light,55/79,$16.00/12 ounces,northern Tanzania,$16.00 ,12 ounces,16,12,1.333333333,55,79,
Qunqana Ethiopia,95,"Madison, Wisconsin","Sidamo growing region, Ethiopia",Light,63/81,$23.00/12 ounces,Ethiopia,$23.00 ,12 ounces,23,12,1.916666667,63,81,
Finca La Reserva Colombia Gesha Honey,95,"Madison, Wisconsin","Ciudad Bolivar, Antioquia Department, Colombia",Medium-Light,59/77,$22.00/8 ounces,Colombia,$22.00 ,8 ounces,22,8,2.75,59,77,
Ethiopia Arbegona Yaye Washed,95,"Fort Wayne, Indiana","Chericho, Sidamo growing region, Ethiopia",Light,62/80,$24.00/12 ounces,Ethiopia,$24.00 ,12 ounces,24,12,2,62,80,
Cate Natural G5,95,"Yilan, Taiwan","Jimma growing region, southern Ethiopia",Medium-Light,52/70,NT $200/200 grams,southern Ethiopia,NT $200,200 grams,200,7.054798145,28.3495,52,70,
Panama Elida Natural Catuai,95,"Los Angeles, California","Alto Quiel, Panama",Medium-Light,58/78,$21.95/12 ounces,Panama,$21.95 ,12 ounces,21.95,12,1.829166667,58,78,
Ethiopia West Arsi Washed G1,95,"Taipei, Taiwan","Guji Zone, southern Ethiopia",Light,64/88,NT $550/225 grams,southern Ethiopia,NT $550,225 grams,550,7.936647913,69.29877778,64,88,
Ethiopia Sidama Alice Orchard Natural G1,95,"Tainan, Taiwan","Sidamo growing region, southern Ethiopia",Light,64/86,NT $550/227 grams,southern Ethiopia,NT $550,227 grams,550,8.007195894,68.68821586,64,86,
La Esperanza Colombia Huila,95,"Acton, Massachusetts","Huila Department, Colombia",Medium-Light,63/72,$16.95/12 ounces,Colombia,$16.95 ,12 ounces,16.95,12,1.4125,63,72,
Ethiopian Sidamo Fair Trade/Organic,95,"Madison, Wisconsin","Sidamo Province, southern Ethiopia",Medium-Light,57/76,$12.95/12 ounces,southern Ethiopia,$12.95 ,12 ounces,12.95,12,1.079166667,57,76,
Kenya Washed Kiambu Maganjo AA TOP,95,"Chia-Yi, Taiwan","Kiambu growing region, south-central Kenya",Medium-Light,58/82,NT $350/8 ounces,south-central Kenya,NT $350,8 ounces,350,8,43.75,58,82,
Ethiopia Washed Yirgacheffe Botabaa Lot,95,"Chia-Yi, Taiwan","Gedeo Zone, SNNPR, southern Ethiopia",Light,62/84,NT $330/8 ounces,southern Ethiopia,NT $330,8 ounces,330,8,41.25,62,84,
Ethiopia Nansebo Worka,95,"Floyd, Virginia","Yirgacheffe, southern Ethiopia",Medium-Light,56/74,$20.99/12 ounces,southern Ethiopia,$20.99 ,12 ounces,20.99,12,1.749166667,56,74,
Orange Bourbon Natural,95,"Pahala, Hawaii","Ka‘ū growing district, Big Island of Hawai’i",Light,64/88,$35.00/8 ounces,Big Island of Hawai’i,$35.00 ,8 ounces,35,8,4.375,64,88,
Ethiopia Yirgacheffe Huke Premium Washed G1,95,"Barronett, Wisconsin","Yirgacheffe growing region, south-central Ethiopia",Light,64/82,$21.00/12 ounces,south-central Ethiopia,$21.00 ,12 ounces,21,12,1.75,64,82,
Costa Rica SL-28 Yellow Honey Espresso,95,"Taoyuan City, Taiwan","Central Valley, Costa Rica",Medium-Dark,38/46,"NT $1,300/8 ounces",Costa Rica,"NT $1,300",8 ounces,1300,8,162.5,38,46,
Colombia El Vergel Martha Montenegro Rubi Marti Anaerobic,95,"San Diego, California","Tolima Department, Colombia",Light,66/90,$47.25/12 ounces,Colombia,$47.25 ,12 ounces,47.25,12,3.9375,66,90,
Wilton Benitez Sidra,95,"Madison, Wisconsin","Piendamó, Cauca Department, Colombia",Light,57/89,$26.00/8 ounces,Colombia,$26.00 ,8 ounces,26,8,3.25,57,89,
Kenya Ibonia Estate,95,"Lexington, Virginia","Kiambu County, Kenya",Medium-Light,58/80,$24.00/12 ounces,Kenya,$24.00 ,12 ounces,24,12,2,58,80,
Kenya AA Kangiri New Irati,95,"Barronett, Wisconsin","Kigumo growing region, Muranga County, Kenya",Light,66/84,$19.00/12 ounces,Kenya,$19.00 ,12 ounces,19,12,1.583333333,66,84,
Ethiopia Washed Gute 74110 Lot JH,95,"Chia-Yi, Taiwan","Sidamo growing region, southern Ethiopia",Light,60/82,NT $480/8 ounces,southern Ethiopia,NT $480,8 ounces,480,8,60,60,82,
Ethiopia Natural Sidama Bura Karamo 74158,95,"Chia-Yi, Taiwan","Sidamo growing region, southern Ethiopia",Light,57/88,NT $480/8 ounces,southern Ethiopia,NT $480,8 ounces,480,8,60,57,88,
Taiwan Honey Alishan Ming Yang Yuan Gesha,95,"Chia-Yi, Taiwan","Alishan, Taiwan",Light,62/84,"NT $1,110/4 ounces",Taiwan,"NT $1,110",4 ounces,1110,4,277.5,62,84,
Colombia El Paraiso Geisha Anti-Maceration,95,"Osaka, Japan","Piendamo, Cauca Department, Colombia",Light,70/94,$29.00/50 grams,Colombia,$29.00 ,50 grams,29,1.763699536,16.44271,70,94,
El Salvador La Providencia Maria Pacas Bernadina Honey,95,"San Diego, California","Los Naranjos, Juayua, Sonsonate, El Salvador",Light,62/84,$39.25/12 ounces,El Salvador,$39.25 ,12 ounces,39.25,12,3.270833333,62,84,
Washed Kenya,95,"Taipei, Taiwan","Muranga County, South-Central Kenya",Medium,47/67,NT $550/225 grams,South-Central Kenya,NT $550,225 grams,550,7.936647913,69.29877778,47,67,
Ethiopia Yirgacheffe Hama Honey,95,"Taipei City, Taiwan","Yirgacheffe growing region, south-central Ethiopia",Medium-Light,59/81,NT $600/227 grams,south-central Ethiopia,NT $600,227 grams,600,8.007195894,74.93259912,59,81,
Colombia Finca Santuario Red Bourbon Natural,95,"Taipei City, Taiwan","Cauca Department, Colombia",Light,62/94,NT $600/227 grams,Colombia,NT $600,227 grams,600,8.007195894,74.93259912,62,94,
Mocha Java Espresso,95,"Toronto, Ontario, Canada","Eastern Java, Indonesia; Sidamo growing region, Ethiopia",Medium,48/57,CAD $15.00/16 ounces,Ethiopia,CAD $15.00,16 ounces,15,16,0.9375,48,57,
100% Kona Bourbon Pointu Laurina,95,"Holualoa, Hawaii","Holualoa, North Kona growing district, “Big Island” of Hawaii",Medium-Light,52/74,$44.95/8 ounces,“Big Island” of Hawaii,$44.95 ,8 ounces,44.95,8,5.61875,52,74,
Las Margaritas Geisha Honey,95,"Madison, Wisconsin","Caicendonia, Valle Del Cauca, Colombia",Light,62/84,$25.00/8 ounces,Colombia,$25.00 ,8 ounces,25,8,3.125,62,84,
Kenya Kangunu,95,"Acton, Massachusetts","Murang'a, south-central Kenya",Medium,50/66,$21.00/12 ounces,south-central Kenya,$21.00 ,12 ounces,21,12,1.75,50,66,
Ethiopia Natural Sidama Bensa Bombe,95,"Chia-Yi, Taiwan","Sidamo growing region, southern Ethiopia",Medium-Light,58/77,NT $280/8 ounces,southern Ethiopia,NT $280,8 ounces,280,8,35,58,77,
Kenya Peaberry Muthunzunni Estate,95,"Salem, Massachusetts",South-central Kenya.,Medium-Dark,43/54,$13.95/12 ounces,South-central Kenya.,$13.95 ,12 ounces,13.95,12,1.1625,43,54,
Kenya Kagongo Peaberry,95,"Sacramento, California",South-central Kenya.,Medium,45/59,$19.00/12 ounces.,South-central Kenya.,$19.00 ,12 ounces.,19,12,1.583333333,45,59,
Ethiopia Suke Quto Honey,95,"Minneapolis, Minnesota","Guji Zone, Oromia Region, south-central Ethiopia",Medium-Light,52/70,$19.75/12 ounces,south-central Ethiopia,$19.75 ,12 ounces,19.75,12,1.645833333,52,70,
Panama Bambito Estate Geisha,95,"San Diego, California","Volcan Baru, Boquete growing region, Panama",Light,64/88,$38.75/4 ounces,Panama,$38.75 ,4 ounces,38.75,4,9.6875,64,88,
Kenya Thiriku Top Auction Lot,95,"Topeka, Kansas","Nyeri growing region, south-central Kenya.",Medium,54/64,$20.25/12 ounces,south-central Kenya.,$20.25 ,12 ounces,20.25,12,1.6875,54,64,
Colombia La Escuelita,95,"Portland, Oregon","Huila Department, Colombia",Medium-Light,57/65,$13.00/250 grams (8.8 ounces),Colombia,$13.00 ,250 grams (8.8 ounces),13,884.9538793,0.014690031,57,65,
Gesha Village Lot #85 Natural,95,"Madison, Wisconsin","Bench-Maji Zone, southern Ethiopia",Medium-Light,54/72,$39.95/8 ounces*,southern Ethiopia,$39.95 ,8 ounces*,39.95,8,4.99375,54,72,
Guatemala La Conception,95,"Acton, Massachusetts","Chimaltenango Department, Guatemala.",Medium,53/59,$16.95/12 ounces,Guatemala.,$16.95 ,12 ounces,16.95,12,1.4125,53,59,
Ethiopia Gesha Village Surma 1931 Mossto Anaerobic Honey,95,"Baronett, Wisconsin","Bench-Maji Zone, southern Ethiopia",Light,62/84,$40.00/6 ounces,southern Ethiopia,$40.00 ,6 ounces,40,6,6.666666667,62,84,
Berg Wu Championship Selection Yirgacheffe G1 Natural Lot 19/01,95,"Yilan, Taiwan","Yirgacheffe growing region, southern Ethiopia",Medium-Light,60/78,NT $550/200 grams,southern Ethiopia,NT $550,200 grams,550,7.054798145,77.961125,60,78,
Songstress Geisha,95,"Taipei, Taiwan","Bench-Maji Zone, southern Ethiopia",Light,64/86,NT $370/8 ounces,southern Ethiopia,NT $370,8 ounces,370,8,46.25,64,86,
Kenya Karuthi AA,95,"Portland, Oregon","Nyeri growing region, south-central Kenya",Medium-Light,56/72,$15.00/250 grams,south-central Kenya,$15.00 ,250 grams,15,8.818497681,1.70097,56,72,
Colombia Finca Cerro Azul,95,"La Jolla, California","Cauca Department, southern Colombia.",Medium-Light,57/68,$19.00/8 ounces,southern Colombia.,$19.00 ,8 ounces,19,8,2.375,57,68,
Guatemala Naranjas Nadando,95,"Topeka, Kansas","Huehuetenango, Guatemala",Light,62/84,$22.00/10 ounces,Guatemala,$22.00 ,10 ounces,22,10,2.2,62,84,
Ethiopia Washed Sidama Bura Karamo 74158,95,"Chia-Yi, Taiwan","Sidamo growing region, southern Ethiopia",Light,64/84,NT $320/8 ounces,southern Ethiopia,NT $320,8 ounces,320,8,40,64,84,
Ethiopia Konga Co-op Yirgacheffe,95,"Acton, Massachusetts","Yirgacheffe growing region, southern Ethiopia.",Medium,50/66,$15.95/12 ounces,southern Ethiopia.,$15.95 ,12 ounces,15.95,12,1.329166667,50,66,
Wilton Benitez Orange Bourbon,95,"Madison, Wisconsin","Piendamó, Cauca Department, Colombia",Light,63/81,$25.00/8 ounces,Colombia,$25.00 ,8 ounces,25,8,3.125,63,81,
Panama Hacienda La Esmeralda Super Mario 6 Geisha,95,"Boulder, Colorado","Boquete growing region, western Panama",Medium-Light,51/71,$60.00/8 ounces,western Panama,$60.00 ,8 ounces,60,8,7.5,51,71,
Ethiopia Sidama West Arsi Nansebo Natural G1,95,"Tainan City, Taiwan","Guji Zone, southern Ethiopia",Light,58/86,NT $480/227 grams,southern Ethiopia,NT $480,227 grams,480,8.007195894,59.9460793,58,86,
Ethiopia Oromi Guji Hamela Wamena Tirtira Goyo Natural G1,95,"Taichung, Taiwan","Guji Zone, Oromia Region, southern Ethiopia",Light,66/88,NT $480/8 ounces,southern Ethiopia,NT $480,8 ounces,480,8,60,66,88,
Costa Rica Red Java Honey Finca Los Pinitos,95,"Charlotte, North Carolina","Alajuela, Central Valley, Costa Rica",Light,60/88,$29.00//12 ounces,Costa Rica,$29.00 ,/12 ounces,29,12,2.416666667,60,88,
Nsoga Iweyza Tanzania,95,"Madison, Wisconsin","Mbeya, Tanzania",Medium-Light,57/77,$24.00/8 ounces,Tanzania,$24.00 ,8 ounces,24,8,3,57,77,
Kenya Ruthaka Peaberry,95,"Sacramento, California","Nyeri growing region, south-central Kenya",Medium,48/72,$19.00/12 ounces,south-central Kenya,$19.00 ,12 ounces,19,12,1.583333333,48,72,
Costa Rica Las Lajas Black Diamond Bourbon,95,"Charlotte, North Carolina","Sabanilla de Alajuela, Central Valley, Costa Rica",Light,72/102,$28.00/12 ounces,Costa Rica,$28.00 ,12 ounces,28,12,2.333333333,72,102,
Colombia Wilton Benitez Striped Bourbon Thermal Shock,95,"Jersey City, New Jersey","Piendamó, Cauca Department, Colombia",Light,65/92,$31.00/125 grams,Colombia,$31.00 ,125 grams,31,4.40924884,7.030676,65,92,
Ka’u Coffee Natural Dried,95,"Pahala, Hawaii","Ka'u growing district, southwestern corner of the ""Big Island"" of Hawaii.",Medium,46/67,$27.00/8 ounces,"southwestern corner of the ""Big Island"" of Hawaii.",$27.00 ,8 ounces,27,8,3.375,46,67,
Sumatra Tano Batak,95,"Kihei, Maui, Hawaii","Lintong growing region, North Sumatra Province, Indonesia",Medium-Light,54/76,$20.99/12 ounces,Indonesia,$20.99 ,12 ounces,20.99,12,1.749166667,54,76,
Ethiopia Djimma Limu Gummay Baby Geisha Washed,95,"Taipei, Taiwan","Djimma Limu, Oromia Region, southern Ethiopia",Light,64/88,NT $359/8 ounces,southern Ethiopia,NT $359,8 ounces,359,8,44.875,64,88,
Kenya Kiandu Peaberry,95,"Taipei, Taiwan","Nyeri growing region, south-central Kenya",Medium-Light,56/74,NT $570/200 grams,south-central Kenya,NT $570,200 grams,570,7.054798145,80.796075,56,74,
Peru Washed Los Santos Farm Gesha,95,"Chia-Yi, Taiwan","Lonya Grande, Utcubamba Province, Peru",Light,64/84,NT $450/8 ounces,Peru,NT $450,8 ounces,450,8,56.25,64,84,
Ethiopia Anaerobic Worka Sakaro,95,"Floyd, Virginia","Gedeb District, Gedeo Zone, southern Ethiopia",Light,66/92,$24.00/12 ounces,southern Ethiopia,$24.00 ,12 ounces,24,12,2,66,92,
Panama Mama Cata Geisha,95,"Ramsey, Minnesota","Boquete growing region, western Panama",Medium,47/62,$43.95/10 ounces,western Panama,$43.95 ,10 ounces,43.95,10,4.395,47,62,
Colombia 510 Elegante Natural Geisha,95,"Fort Wayne, Indiana","Manizales, Caldas, Colombia",Light,62/82,$10.00/4 ounces (sold only as a two-pack),Colombia,$10.00 ,4 ounces (sold only as a two-pack),10,4,2.5,62,82,
Ka‘ū Cloud Maragogipe,95,"Mountain View, Hawai'i","Ka‘ū growing region, “Big Island” of Hawai’i",Medium-Light,58/76,$29.00/4 ounces,“Big Island” of Hawai’i,$29.00 ,4 ounces,29,4,7.25,58,76,
Ethiopia Layo Teraga,95,"Fort Wayne, Indiana","Sidamo growing region, southern Ethiopia",Light,62/80,$23.00/12 ounces,southern Ethiopia,$23.00 ,12 ounces,23,12,1.916666667,62,80,
Tarime Tanzania,95,"Madison, Wisconsin","Tarime District, Mara Region, Tanzania",Medium-Light,56/80,$19.20/12 ounces,Tanzania,$19.20 ,12 ounces,19.2,12,1.6,56,80,
Rwanda Kungahara Carbonic Maceration,95,"Floyd, Virginia","Rustiro, Rwanda",Light,64/86,$28.00/12 ounces,Rwanda,$28.00 ,12 ounces,28,12,2.333333333,64,86,
Kenya Gachatha AA Top,95,"Chia-Yi, Taiwan","Nyeri growing region, south-central Kenya",Medium-Light,58/74,NT $330/8 ounces,south-central Kenya,NT $330,8 ounces,330,8,41.25,58,74,
Miraflores Colombia,95,"Madison, Wisconsin","Sevilla, San Augustin, Huila, Colombia",Medium-Light,58/78,$22.00/12 ounces,Colombia,$22.00 ,12 ounces,22,12,1.833333333,58,78,
Karani Kenya,95,"Madison, Wisconsin","Kirinyaga, Kenya",Medium-Light,56/74,$21.00/12 ounces,Kenya,$21.00 ,12 ounces,21,12,1.75,56,74,
Costa Rica Las Lajas SL28 Natural,95,"Charlotte, North Carolina","Sabanilla de Alajuela, Central Valley, Costa Rica",Light,62/80,$30.00/12 ounces,Costa Rica,$30.00 ,12 ounces,30,12,2.5,62,80,
Nano Genji #12 Ethiopia,95,"Madison, Wisconsin","Agaro Gera, Jimma Zone, Oromia State, Ethiopia",Medium-Light,58/74,$23.00/12 ounces,Ethiopia,$23.00 ,12 ounces,23,12,1.916666667,58,74,
Gesha Spirits,95,"San Diego, California","Huila Department, Colombia",Light,62/80,$48.00/10 ounces,Colombia,$48.00 ,10 ounces,48,10,4.8,62,80,
Colombia San Adolfo Huila,95,"San Diego, California","Huila Department, Colombia",Light,65/87,$40.00/8 ounces,Colombia,$40.00 ,8 ounces,40,8,5,65,87,
Holiday Blend,95,"Everett, Washington","Central Kenya; Toraja growing region, southwestern Sulawesi, Indonesia.",Medium-Light,56/78,$17.00/16 ounces,Indonesia.,$17.00 ,16 ounces,17,16,1.0625,56,78,
Colombia Buenos Aires Honey Process-Yellow Velvet Peach,95,"Changhua, Taiwan","Quindio Department, Pijao Village, Colombia",Medium-Light,60/77,NT $520/200 grams,Colombia,NT $520,200 grams,520,7.054798145,73.7087,60,77,
Kiniyota Espresso,95,"Madison, Wisconsin","Buhinyuza District, Muhinga Province, Burundi",Medium-Light,54/78,$17.60/12 ounces,Burundi,$17.60 ,12 ounces,17.6,12,1.466666667,54,78,
Yemen Al Kawlah Special Reserve Natural,95,"Livingston, Montana","Hayma Kharijiya growing region, Yemen",Medium-Light,60/77,$39.95/12 ounces,Yemen,$39.95 ,12 ounces,39.95,12,3.329166667,60,77,
Kona K7,95,"Hilo, Big Island of Hawai'i","Holualoa, Kona, Big Island of Hawai’i",Light,63/79,$35.00/4 ounces,Big Island of Hawai’i,$35.00 ,4 ounces,35,4,8.75,63,79,
Kikai Kenya,95,"Lexington, Virginia","Bungoma region, western Kenya.",Medium,52/62,$14.50/12 ounces,western Kenya.,$14.50 ,12 ounces,14.5,12,1.208333333,52,62,
El Obraje Geisha,95,"Boulder, Colorado","Narino Department, southern Colombia",Medium-Light,52/78,$35.00/8 ounces,southern Colombia,$35.00 ,8 ounces,35,8,4.375,52,78,
Kaʻū Yellow Bourbon,95,"Hilo, Hawai’i Island, Hawai’i","Kaʻū growing region, Hawai’i Island, Hawai’i",Medium-Light,60/80,$44.00/10 ounces,Hawai’i,$44.00 ,10 ounces,44,10,4.4,60,80,
Ethiopia Ninety Plus Pheribo N2,95,"Seoul, Korea","Yirgacheffe growing region, Gedeo Zone, southern Ethiopia.",Light,66/85,"KRW 15,000/100 grams",southern Ethiopia.,"KRW 15,000",100 grams,15000,3.527399072,4252.425,66,85,
Kenya Kirinyaga Karamundi Washed AB,95,"Taichung, Taiwan","Kirinyaga District, south-central Kenya",Light,66/86,NT $480/8 ounces,south-central Kenya,NT $480,8 ounces,480,8,60,66,86,
No. 7 Espresso Blend,95,"Taichung City, Taiwan",Colombia; Guatemala,Medium,47/69,NT $450/8 ounces,Colombia; Guatemala,NT $450,8 ounces,450,8,56.25,47,69,
Ethiopia Ninety Plus Nekisse Red,95,"Yorktown Heights, New York","Sidamo (also Sidama) growing region, southern Ethiopia.",Medium,49/66,$65.00/12 ounces,southern Ethiopia.,$65.00 ,12 ounces,65,12,5.416666667,49,66,
Ecuador La Papaya Pacamara,95,"Fort Wayne, Indiana","Saraguro, Loja, Ecuador",Light,64/86,$29.00/8 ounces,Ecuador,$29.00 ,8 ounces,29,8,3.625,64,86,
Ethiopia Sidama Shantewene,95,"San Diego, California","Sidamo (also Sidama) growing region, south-central Ethiopia",Medium-Light,58/82,$19.00/12 ounces,south-central Ethiopia,$19.00 ,12 ounces,19,12,1.583333333,58,82,
YCFCU Banko Gotiti Coop G1,95,"Zhubei City, Taiwan","Yirgacheffe growing region, southern Ethiopia",Medium-Dark,41/53,NT $850/16 ounces,southern Ethiopia,NT $850,16 ounces,850,16,53.125,41,53,
Burundi Karehe,95,"Renton, Washington","Ngozi Province, Burundi",Medium-Light,60/76,$20.00/12 ounces,Burundi,$20.00 ,12 ounces,20,12,1.666666667,60,76,
Ka’u Red Bourbon,95,"Hilo, Hawai'i","Ka’u growing region, Hawai’i Island, Hawai’i",Medium-Light,60/78,$44.00/10 ounces,Hawai’i,$44.00 ,10 ounces,44,10,4.4,60,78,
Wush Wush Ginbo Keffa Ethiopia,95,"Eugene, Oregon","Sidama growing region, southern Ethiopia",Medium-Light,60/74,$24.00/16 ounces,southern Ethiopia,$24.00 ,16 ounces,24,16,1.5,60,74,
Gesha Village Lot #25,95,"Yilan, Taiwan","Guji Zone, Oromia Region, south-central Ethiopia",Medium-Light,52/75,NT $1500/8 ounces,south-central Ethiopia,NT $1500,8 ounces,1500,8,187.5,52,75,
Kona Tropical Punch Washed,95,"Hilo, Hawai’i Island, Hawai’i","Kona growing region, Hawai’i Island, Hawai'i",Light,68/84,$50.00/4 ounces,Hawai'i,$50.00 ,4 ounces,50,4,12.5,68,84,
Costa Rica Perla Negra,95,"Durango, Colorado","Sabanilla de Alajuela growing region, Costa Rica",Medium,50/65,$16.95/12 ounces,Costa Rica,$16.95 ,12 ounces,16.95,12,1.4125,50,65,
Ethiopia Koke,95,"Lexington, Virginia","Yirgacheffe growing region, south-central Ethiopia",Light,62/80,$23.00/12 ounces,south-central Ethiopia,$23.00 ,12 ounces,23,12,1.916666667,62,80,
Panama Florsa 100 Geisha FW 1600+,95,"Taichung, Taiwan","Boquete growing region, Panama",Light,65/81,NT $450/227 grams,Panama,NT $450,227 grams,450,8.007195894,56.19944934,65,81,
Gesha Rebecca Natural,95,"Yilan, Taiwan","Bench-Maji Zone, Southern Ethiopia",Medium-Light,58/80,NT $350/8 ounces,Southern Ethiopia,NT $350,8 ounces,350,8,43.75,58,80,
Panama Hacienda La Esmeralda Geisha Natural,95,"Taipei, Taiwan","Boquete growing region, western Panama",Medium-Light,60/77,$22.00/4 ounces,western Panama,$22.00 ,4 ounces,22,4,5.5,60,77,
Panama Hacienda La Esmeralda Geisha Washed,95,"Taipei, Taiwan","Boquete growing region, western Panama",Light,64/78,$20.00/4 ounces,western Panama,$20.00 ,4 ounces,20,4,5,64,78,
Sumatra Lintong Kardon,95,"Portland, Maine","Lintong growing region, North Sumatra Province, Indonesia",Medium-Light,56/74,$21.00/12 ounces,Indonesia,$21.00 ,12 ounces,21,12,1.75,56,74,
Ethiopia Dame Dabaye,95,"Spokane, Washington","Guji Zone, Oromia Region, Southern Ethiopia",Medium-Light,60/76,$16.00/12 ounces,Southern Ethiopia,$16.00 ,12 ounces,16,12,1.333333333,60,76,
Ethiopia Ayla Sidamo,95,"Fort Wayne, Indiana","Sidamo growing region, southern Ethiopia",Light,62/84,$20.00/ 12 ounces,southern Ethiopia,$20.00 , 12 ounces,20,12,1.666666667,62,84,
Ethiopia YirgZ,95,"Chicago, Illinois","Yirgacheffe growing region, southern Ethiopia",Medium-Light,62/78,$27.00/12 ounces,southern Ethiopia,$27.00 ,12 ounces,27,12,2.25,62,78,
Colombia Tolima Finca El Vergel Rebel Geisha,95,"Taitung, Taiwan","Tolima, Colombia",Light,63/81,NT $550/200 grams,Colombia,NT $550,200 grams,550,7.054798145,77.961125,63,81,
Kenya Makwa AB,95,"Sacramento, California","Nyeri growing region, south-central Kenya.",Medium,51/59,$16.00/12 ounces,south-central Kenya.,$16.00 ,12 ounces,16,12,1.333333333,51,59,
Chelbessa Ethiopia,95,"Madison, Wisconsin","Chelbessa, Gedeb, Yirgacheffe, south-central Ethiopia",Medium-Light,60/76,$21.00/12 ounces,south-central Ethiopia,$21.00 ,12 ounces,21,12,1.75,60,76,
Kenya Washed Kiambu Gititu AB Top,95,"Chia-Yi, Taiwan","Kiambu growing region, south-central Kenya",Light,60/82,NT $300/8 ounces,south-central Kenya,NT $300,8 ounces,300,8,37.5,60,82,
Wilton Benitez Geisha,95,"Madison, Wisconsin","Piendamo, Cauca Department, Colombia",Light,62/84,$26.00/8 ounces,Colombia,$26.00 ,8 ounces,26,8,3.25,62,84,
Celinga Ethiopia,95,"Madison, Wisconsin","Celinga Village, Yirgacheffe growing region, southern Ethiopia.",Medium-Light,57/73,$16.50/12 ounces,southern Ethiopia.,$16.50 ,12 ounces,16.5,12,1.375,57,73,
Las Margaritas Sudan Rume,95,"Madison, Wisconsin","Caicendonia, Valle Del Cauca, Cauca Department, Colombia",Light,60/84,$27.00/8 ounces,Colombia,$27.00 ,8 ounces,27,8,3.375,60,84,
Ethiopia Halo Beriti Single-Origin Espresso,95,"Sacramento, California","Yirgacheffe growing region, south-central Ethiopia",Medium-Light,56/74,$24.00/12 ounces,south-central Ethiopia,$24.00 ,12 ounces,24,12,2,56,74,
Laura’s Reserve SL34,95,"Holualoa, Hawai’i","Holualoa, North Kona growing district, “Big Island” of Hawai'i",Medium-Light,60/78,$62.95/8 ounces,“Big Island” of Hawai'i,$62.95 ,8 ounces,62.95,8,7.86875,60,78,
Finca La Maria Geisha Natural,95,"San Diego, California","Cundinamarca Department, Colombia",Medium-Light,55/79,$51.00/8 ounces,Colombia,$51.00 ,8 ounces,51,8,6.375,55,79,
Organic Peru San Fernando Tres Fincas Gesha,95,"Viroqua, Wisconsin","Incawasi, La Convencion Province, Peru",Medium-Light,58/80,$29.00/12 ounces,Peru,$29.00 ,12 ounces,29,12,2.416666667,58,80,
Ethiopia Gedeb Worka Sakaro,95,"Hsinchu, Taiwan","Gedeb District, Gedeo Zone, southern Ethiopia",Medium-Light,60/78,NT $660/225 grams,southern Ethiopia,NT $660,225 grams,660,7.936647913,83.15853333,60,78,
Kenya,95,"Taipei, Taiwan","Embu County, Kenya",Medium-Dark,35/51,NT $680/225 grams,Kenya,NT $680,225 grams,680,7.936647913,85.67848889,35,51,
Ethiopia Natural Guji Dasaya,95,"Chia-Yi, Taiwan","Guji Zone, Oromia Region, southern Ethiopia",Light,62/86,NT $290/8 ounces,southern Ethiopia,NT $290,8 ounces,290,8,36.25,62,86,
Yunlin Natural Geisha CPAG-1,95,"Yunlin, Taiwan","Yunlin, Taiwan",Medium-Light,60/78,NT $800/4 ounces,Taiwan,NT $800,4 ounces,800,4,200,60,78,
White Geisha Blend Espresso,95,"Taichung, Taiwan",Panama; Ethiopia,Medium-Light,60/78,$39.00/8 ounces,Panama; Ethiopia,$39.00 ,8 ounces,39,8,4.875,60,78,
Kenya Kikai,95,"Lexington, Virginia","Bungoma region, western Kenya.",Medium-Light,57/77,$17.75/12 ounces,western Kenya.,$17.75 ,12 ounces,17.75,12,1.479166667,57,77,
Ethiopia Sidamo Rumudamo Premium,95,"Chia-Yi, Taiwan","Sidamo growing region, southern Ethiopia",Light,64/84,NT $400/8 ounces,southern Ethiopia,NT $400,8 ounces,400,8,50,64,84,
Granja La Esperanza Sudan Rume Natural,95,"Topeka, Kansas","Valle del Cauca growing region, Colombia",Medium,50/70,$37.50/8 ounces,Colombia,$37.50 ,8 ounces,37.5,8,4.6875,50,70,
Ethiopia Natural Gute Bona,95,"Chia-Yi, Taiwan","Sidamo growing region, southern Ethiopia",Medium-Light,62/78,NT $400/8 ounces,southern Ethiopia,NT $400,8 ounces,400,8,50,62,78,
Elida Estate Panama,95,"La Jolla, California","Elida Estate, western Panama.",Medium-Light,57/74,$25.99/12 ounces,western Panama.,$25.99 ,12 ounces,25.99,12,2.165833333,57,74,
Jade Rabbit Espresso Blend,95,"Taoyuan, Taiwan",Ethiopia; Kenya,Medium,46/70,NT $650/8 ounces,Ethiopia; Kenya,NT $650,8 ounces,650,8,81.25,46,70,
Australian Blend Espresso,95,"Shanghai, China","Guji Zone, Oromia Region, southern Ethiopia",Medium-Light,51/73,$19.00/200 grams,southern Ethiopia,$19.00 ,200 grams,19,7.054798145,2.6932025,51,73,
Costa Rica Finca El Cañal,95,"Charlotte, North Carolina","Alajuela, Central Valley, Costa Rica",Light,60/88,$30.00/12 ounces,Costa Rica,$30.00 ,12 ounces,30,12,2.5,60,88,
Kenya Nyeri Tambaya AA,95,"Taichung City, Taiwan","Nyeri growing region, south-central Kenya.",Medium-Light,55/72,TWD $450/100 grams,south-central Kenya.,TWD $450,100 grams,450,3.527399072,127.57275,55,72,
Ethiopia Sheka Kawo Kamina Natural,95,"Minneapolis, Minnesota","Illubabor Zone, Oromia Region, Ethiopia",Medium-Light,58/72,$24.95/12 ounces,Ethiopia,$24.95 ,12 ounces,24.95,12,2.079166667,58,72,
Kenya Kabare AB,95,"Bedford, New Hampshire","Nyeri growing region, south-central Kenya.",Light,64/84,$14.50/12 ounces,south-central Kenya.,$14.50 ,12 ounces,14.5,12,1.208333333,64,84,
Ethiopia FTO Worka,95,"Tulsa, Oklahoma","Gedeo Zone, Yirgacheffe growing region, southern Ethiopia.",Light,66/88,$14.99/12 ounces,southern Ethiopia.,$14.99 ,12 ounces,14.99,12,1.249166667,66,88,
Lycello by Ninety Plus,95,"Boulder, Colorado","Chiriqui Province, far western Panama",Medium-Light,54/78,$75.00/8 ounces,far western Panama,$75.00 ,8 ounces,75,8,9.375,54,78,
Ecuador Peñaherrera AAA,95,"Topeka, Kansas","Imbabura Province, Ecuador",Medium-Light,60/77,$25.00/12 ounces,Ecuador,$25.00 ,12 ounces,25,12,2.083333333,60,77,
HWC Geisha Plus Geisha Black Espresso,95,"Taichung, Taiwan",Colombia; Ethiopia,Medium-Light,54/72,$45.00/8 ounces,Colombia; Ethiopia,$45.00 ,8 ounces,45,8,5.625,54,72,
Lotus by Ninety Plus,95,"Boulder, Colorado","Chiriqui Province, far western Panama",Medium-Light,52/72,$145.00/8 ounces,far western Panama,$145.00 ,8 ounces,145,8,18.125,52,72,
La Papaya Natural Ecuador,95,"Madison, Wisconsin","Saraguro, Loja, Ecuador",Medium-Light,58/80,$19.00/8 ounces,Ecuador,$19.00 ,8 ounces,19,8,2.375,58,80,
Wilton Benitez Tabi VIP Colombia,95,"Madison, Wisconsin","Piendamó, Cauca Department, Colombia",Light,64/86,$22.00/12 ounces,Colombia,$22.00 ,12 ounces,22,12,1.833333333,64,86,
Banko Gotiti Ethiopia,95,"Madison, Wisconsin","Gedeb District, Gedeo Zone, southern Ethiopia",Medium-Light,60/78,$20.00/12 ounces,southern Ethiopia,$20.00 ,12 ounces,20,12,1.666666667,60,78,
Colombia Cerro Azul Geisha,95,"Bellingham, Washington","Valle del Cauca growing region, Colombia.",Medium,52/63,$20.00/150 grams,Colombia.,$20.00 ,150 grams,20,5.291098608,3.779933333,52,63,
Pantan Musara Sumatra,95,"Madison, Wisconsin","Pegasing, Takengon, Aceh Province, Sumatra, Indonesia",Medium-Light,56/78,$23.00/12 ounces,Indonesia,$23.00 ,12 ounces,23,12,1.916666667,56,78,
Guji Zone Ethiopia,95,"La Jolla, California","Guji Zone, Oromia Region, Sidama Province, Ethiopia.",Medium-Light,59/77,$17.99/12 ounces,Ethiopia.,$17.99 ,12 ounces,17.99,12,1.499166667,59,77,
Colombia Finca Santa Barbara Gesha Anaerobic Honey,95,"Floyd, Virginia","Algeciras, Huila Department, Colombia",Light,63/87,$32.00/12 ounces,Colombia,$32.00 ,12 ounces,32,12,2.666666667,63,87,
Ethiopia Basha Bekele,95,"Lexington, Virginia","Sidamo growing region, south-central Ethiopia",Light,62/86,$23.00/12 ounces,south-central Ethiopia,$23.00 ,12 ounces,23,12,1.916666667,62,86,
Hambela Dabaye Ethiopia,95,"Madison, Wisconsin","Guji growing region, south-central Ethiopia",Light,65/87,$24.00/8 ounces,south-central Ethiopia,$24.00 ,8 ounces,24,8,3,65,87,
Ethiopia Yirgacheffe Gedeb Chelbesa Natural,95,"Taipei, Taiwan","Chelchele, Gedeb District, Gedeo Zone, Ethiopia",Medium-Light,59/76,NT $480/8 ounces,Ethiopia,NT $480,8 ounces,480,8,60,59,76,
Panama Gesha Ninety Plus Perci Red,95,"Yorktown Heights, New York","Silla Del Pando, Volcan, Panama.",Medium,52/68,$65.00/12 ounces,Panama.,$65.00 ,12 ounces,65,12,5.416666667,52,68,
Colombia Cafe La Granja Sudan Rume Natural,95,"Jersey City, New Jersey","Caicedonia, Valle del Cauca Department, Colombia",Light,66/92,$35.00/125 grams,Colombia,$35.00 ,125 grams,35,4.40924884,7.93786,66,92,
Kenya AA Kirinyaga Kii,95,"Kaohsiung City, Taiwan","Kirinyaga District, south-central Kenya",Medium-Light,60/78,NT $600/8 ounces,south-central Kenya,NT $600,8 ounces,600,8,75,60,78,
Sumatra Lintong,95,"Johns Creek, Georgia","Lintong growing region, North Sumatra Province, Indonesia",Medium,51/68,$17.00/12 ounces,Indonesia,$17.00 ,12 ounces,17,12,1.416666667,51,68,
Kenya AA Kiri,95,"Crystal Lake, Illinois","Kirinyaga County, south-central Kenya",Light,64/80,$26.00/12 ounces,south-central Kenya,$26.00 ,12 ounces,26,12,2.166666667,64,80,
Guatemala Gesha,95,"Taoyuan, Taiwan","Aqua Dulce, Cuilco, Huehuetenango, Guatemala",Medium-Light,60/77,NT $750/4 ounces,Guatemala,NT $750,4 ounces,750,4,187.5,60,77,
El Floral Colombia,95,"Madison, Wisconsin","Planadas, Tolima Department, Colombia",Medium-Light,59/77,$21.00/12 ounces,Colombia,$21.00 ,12 ounces,21,12,1.75,59,77,
Kenya Gichuka AA,95,"Lee, Massachusetts","Kiambu County, Kenya",Medium-Light,60/78,$20.95/12 ounces,Kenya,$20.95 ,12 ounces,20.95,12,1.745833333,60,78,
Indonesia Sumatra Raja Harimau Lintong Mandheling Espresso,95,"Chia-Yi, Taiwan","Lintong growing region, North Sumatra, Indonesia",Medium-Light,58/77,NT $260/8 ounces,Indonesia,NT $260,8 ounces,260,8,32.5,58,77,
Ethiopia Washed Guji Bishala 23/02,95,"Chia-Yi, Taiwan","Guji Zone, Oromia Region, southern Ethiopia",Medium-Light,60/80,NT $350/8 ounces,southern Ethiopia,NT $350,8 ounces,350,8,43.75,60,80,
Finca El Socorro Maracaturra,95,"Topeka, Kansas","Palencia, Fraijanes Plateau growing region, central Guatemala",Medium-Light,52/78,$22.50/12 ounces,central Guatemala,$22.50 ,12 ounces,22.5,12,1.875,52,78,
Kenya Nyeri Gaturiri Peaberry,95,"Yorktown Heights, New York","Nyeri growing region, south-central Kenya",Medium,49/69,$16.00/12 ounces,south-central Kenya,$16.00 ,12 ounces,16,12,1.333333333,49,69,
Red Bourbon Natural Exclusive Reserve,95,"Captain Cook, Hawaii","North Kona growing district, “Big Island” of Hawaii",Medium-Light,58/76,$38.00/8 ounces,“Big Island” of Hawaii,$38.00 ,8 ounces,38,8,4.75,58,76,
Karimiuki Kenya,95,"Madison, Wisconsin","Kirinyaga, Kenya",Medium-Light,58/76,$21.00/12 ounces,Kenya,$21.00 ,12 ounces,21,12,1.75,58,76,
Colombia Wilton Benitez Thermal Shock Red Bourbon,95,"Chicago, Illinois","Piendamo, Cauca Department, Colombia",Medium-Light,60/78,$38.00/8 ounces,Colombia,$38.00 ,8 ounces,38,8,4.75,60,78,
Ethiopia Gotiti Natural,95,"Taipei, Taiwan","Yirgacheffe growing region, southern Ethiopia",Medium,46/72,NT $580/8 ounces,southern Ethiopia,NT $580,8 ounces,580,8,72.5,46,72,
Mchana Kenya Peaberry,95,"Madison, Wisconsin",Central Kenya.,Medium,53/65,$15.99/12 ounces,Central Kenya.,$15.99 ,12 ounces,15.99,12,1.3325,53,65,
Rwanda Nyamasheke,95,"Jackson, Mississippi","Nyamasheke District, Rwanda.",Medium-Light,56/73,$14.00/12 ounces,Rwanda.,$14.00 ,12 ounces,14,12,1.166666667,56,73,
Ulos Batak Sumatra Peaberry,95,"Madison, Wisconsin","Northern Sumatra, Indonesia",Medium,52/68,$14.99/12 ounces,Indonesia,$14.99 ,12 ounces,14.99,12,1.249166667,52,68,
Ethiopia Natural Guji Lot D Minor,95,"Chia-Yi, Taiwan","Guji Zone, Oromia Region, Southern Ethiopia",Medium-Light,58/76,NT $275/8 ounces,Southern Ethiopia,NT $275,8 ounces,275,8,34.375,58,76,
Ethiopia Natural Guji Hambela G1 Bishan Fugu,95,"Chia-Yi, Taiwan","Guji Zone, Oromia Region, southern Ethiopia",Medium-Light,51/73,NT $650/16 ounces,southern Ethiopia,NT $650,16 ounces,650,16,40.625,51,73,
Rwanda Silverback Plus Espresso,95,"Taoyuan, Taiwan","Kageyo, Eastern Province, Rwanda",Light,48/689,NT$ 800/8 ounces,Rwanda,NT$ 800,8 ounces,800,8,100,48,689,
Kona Mokka Champagne Natural,95,"Hilo, Hawaii","Kona growing region, Big Island of Hawai’i",Light,64/86,$100.00/4 ounces,Big Island of Hawai’i,$100.00 ,4 ounces,100,4,25,64,86,
Tarime Tanzania,95,"Lexington, Virginia","Tarime District, Mara Region, Tanzania",Medium-Light,58/82,$14.75/12 ounces,Tanzania,$14.75 ,12 ounces,14.75,12,1.229166667,58,82,
Ethiopia Dry Process Grade 1 Aricha Yirgacheffe,95,"Taichung City, Taiwan","Yirgacheffe growing region, southern Ethiopia.",Medium-Light,56/81,TWD $500/100 grams,southern Ethiopia.,TWD $500,100 grams,500,3.527399072,141.7475,56,81,
Gatugi Triple,95,"Lee, Massachusetts","Nyeri growing region, south-central Kenya",Light,58/86,$13.34/4 ounces,south-central Kenya,$13.34 ,4 ounces,13.34,4,3.335,58,86,
Kenya Embu,95,"Taichung, Taiwan","Embu County, Kenya",Light,62/80,NT $1200/227 grams,Kenya,NT $1200,227 grams,1200,8.007195894,149.8651982,62,80,
Yemen Al Obrah,95,"Fort Wayne, Indiana","Al Obrah, Hayma Dakhaliya, Sana'a, Yemen",Light,62/86,$42.00/8 ounces,Yemen,$42.00 ,8 ounces,42,8,5.25,62,86,
Kenya Riakiberu Peaberry,95,"Bedford, New Hampshire","Muranga District, central Kenya.",Medium,45/67,$13.00/12 ounces,central Kenya.,$13.00 ,12 ounces,13,12,1.083333333,45,67,
Colombia Honey Sweet Rose,95,"Taichung, Taiwan","Huila Department, Colombia",Light,62/80,NT$ 520/8 ounces,Colombia,NT$ 520,8 ounces,520,8,65,62,80,
Colombia El Paraiso Geisha Luna Washed,95,"Osaka, Japan","Piendamo, Cauca Department, Colombia",Light,70/85,$27.00/100 grams,Colombia,$27.00 ,100 grams,27,3.527399072,7.654365,70,85,
Costa Rica Volcán Azul Gesha Anaerobic Natural,95,"Topeka, Kansas","Poás Volcano, Alajuela, Costa Rica",Light,66/82,$26.00/8 ounces,Costa Rica,$26.00 ,8 ounces,26,8,3.25,66,82,
Karen J Kona Red Bourbon,95,"Holualoa, Hawai’i","Holualoa, North Kona growing district, “Big Island” of Hawai’i",Medium-Light,58/78,$54.95/8 ounces,“Big Island” of Hawai’i,$54.95 ,8 ounces,54.95,8,6.86875,58,78,
Peru Gilmer Cordova #13,95,"Lexington, Virginia","Cajamarca, Peru",Light,64/88,$29.00/12 ounces,Peru,$29.00 ,12 ounces,29,12,2.416666667,64,88,
Ethiopia Kayon Mountain,95,"Lexington, Virginia","Odo Shakiso District, Guji Zone, southern Ethiopia",Light,64/84,$24.00/12 ounces,southern Ethiopia,$24.00 ,12 ounces,24,12,2,64,84,
Kenya Gichathaini,95,"Lexington, Virginia","Nyeri growing region, south-central Kenya",Light,62/80,$26.00/12 ounces,south-central Kenya,$26.00 ,12 ounces,26,12,2.166666667,62,80,
Panama Carmen Geisha Washed Light Roast,95,"Yilan, Taiwan","Paso Ancho, Panama",Light,62/82,"NT $12,500/100 grams",Panama,"NT $12,500",100 grams,12500,3.527399072,3543.6875,62,82,
Alemu Bukato Espresso,95,"Madison, Wisconsin","Yirgacheffe growing region, southern Ethiopia",Medium-Light,56/80,$18.75/12 ounces,southern Ethiopia,$18.75 ,12 ounces,18.75,12,1.5625,56,80,
Ethiopia Natural Sidama Arbegona Bochessa,95,"Chia-Yi, Taiwan","Sidamo growing region, southern Ethiopia",Light,64/86,NT$325/8 ounces,southern Ethiopia,NT$325,8 ounces,325,8,40.625,64,86,
Ichamama Kenya,95,"Madison, Wisconsin","Nyeri County, Central Province, Kenya",Medium-Light,59/75,$22.00/12 ounces,Kenya,$22.00 ,12 ounces,22,12,1.833333333,59,75,
Colombia El Roble Natural Carbonic Java,95,"Denver, Colorado","Quindio Department, Colombia",Light,63/81,$31.00/8 ounces,Colombia,$31.00 ,8 ounces,31,8,3.875,63,81,
Colombia Nestor Lasso Sidra,95,"San Jose, California","Bruselas, Pitalito, Huila Department, Colombia",Light,62/83,$32.99/8 ounces,Colombia,$32.99 ,8 ounces,32.99,8,4.12375,62,83,
Café Granja La Esperanza Sudan Rume Natural,95,"Topeka, Kansas","Valle del Cauca growing region, Colombia",Medium,51/69,$37.50/8 ounces,Colombia,$37.50 ,8 ounces,37.5,8,4.6875,51,69,
Colombia Yeast Anaerobic Washed Las Flores Bourbon Sidra,95,"Chia-Yi, Taiwan","Huila Department, Colombia",Light,62/81,NT $550/8 ounces,Colombia,NT $550,8 ounces,550,8,68.75,62,81,
Ecuador Cruz Loma Sidra Anaerobic Euphora Special Lot,95,"Taipei, Taiwan","San José de Minas, Pichincha Province, Ecuador",Light,64/80,$16.00/4 ounces,Ecuador,$16.00 ,4 ounces,16,4,4,64,80,
Guatemala Acatenango Gesha,95,"Billings, Montana","Acatenango growing region, Guatemala.",Medium,50/65,$20.00/8 ounces,Guatemala.,$20.00 ,8 ounces,20,8,2.5,50,65,
Colombia Finca Al Paraiso Y–05 Lychee,95,"Glendale, California","Piendamó, Cauca Department, Colombia",Medium,52/64,$30.50/12 ounces,Colombia,$30.50 ,12 ounces,30.5,12,2.541666667,52,64,
Mr. Dodd’s TeaTime Blend,95,"Chia-Yi, Taiwan",Ethiopia; Guatemala,Medium-Light,56/72,NT $325/8 ounces,Ethiopia; Guatemala,NT $325,8 ounces,325,8,40.625,56,72,
Colombia Double Anaerobic Washed Los Nogales Yellow Bourbon,95,"Chia-Yi, Taiwan","Huila Department, Colombia",Light,64/80,NT $290/4 ounces,Colombia,NT $290,4 ounces,290,4,72.5,64,80,
Colombia El Chaferote Pink Bourbon,95,"San Diego, California","Huila Department, Colombia",Medium-Light,63/77,$28.00/10 ounces,Colombia,$28.00 ,10 ounces,28,10,2.8,63,77,
Kenya Kirinyaga Karimikui Peaberry,95,"Bedford, New Hampshire","Karimikui growing region, central Kenya.",Medium,52/66,$14.50/12 ounces,central Kenya.,$14.50 ,12 ounces,14.5,12,1.208333333,52,66,
Holiday Coffee,95,"Holualoa, Hawai’i","Holualoa, North Kona growing district, “Big Island” of Hawai’i",Medium-Light,58/66,$69.95/8 ounces,“Big Island” of Hawai’i,$69.95 ,8 ounces,69.95,8,8.74375,58,66,
Kenya Muthua-Ini AB,95,"San Diego, California","Nyeri growing region, south-central Kenya",Medium-Light,58/77,$22.00/12 ounces,south-central Kenya,$22.00 ,12 ounces,22,12,1.833333333,58,77,
La Candelilla Geisha Natural Costa Rica,95,"Madison, Wisconsin","Tarrazú, Costa Rica",Medium-Light,59/77,$19.00/8 ounces,Costa Rica,$19.00 ,8 ounces,19,8,2.375,59,77,
Kenya Baragwi Guama AA Washed,95,"Baronett, Wisconsin","Guama Village, Kirinyaga County, Kenya",Light,61/83,$21.00/12 ounces,Kenya,$21.00 ,12 ounces,21,12,1.75,61,83,
Wilton Benitez Sudan Rume Colombia,95,"Madison, Wisconsin","Piendamó, Cauca Department, Colombia",Light,62/82,$25.00/8 ounces,Colombia,$25.00 ,8 ounces,25,8,3.125,62,82,
Ethiopia Washed Phoenix Special “Muse”,95,"Taoyuan City, Taiwan","Gedeb District, Gedeo Zone, southern Ethiopia",Medium-Dark,40/48,NT $1400/16 ounces,southern Ethiopia,NT $1400,16 ounces,1400,16,87.5,40,48,
Mexico Los Aguacates,95,"Manlius, New York","Tenejapa, Chiapas, Mexico",Light,65/82,$42.00/12 ounces,Mexico,$42.00 ,12 ounces,42,12,3.5,65,82,
Ethiopia Natural Guji Blue Donkey 23/02,95,"Chia-Yi, Taiwan","Guji Zone, Oromia Region, southern Ethiopia",Medium-Light,62/78,NT$325/8 ounces,southern Ethiopia,NT$325,8 ounces,325,8,40.625,62,78,
Ethiopia Arbegona Natural 74158,95,"Taipei, Taiwan","Sidamo growing region, south-central Ethiopia",Light,64/80,NT $500/8 ounces,south-central Ethiopia,NT $500,8 ounces,500,8,62.5,64,80,
Ethiopia Yirgacheffe Botabaa Washed,95,"Chia-Yi, Taiwan","Gedeo Zone, Kochere, Ethiopia",Light,56/86,NT $290/8 ounces,Ethiopia,NT $290,8 ounces,290,8,36.25,56,86,
Trust the Process Costa Rica Finca Carrizal SL28 Black Diamond Natural,95,"Floyd, Virginia","Sabanilla de Alajuela growing region, Costa Rica",Light,62/84,$24.00/8 ounces,Costa Rica,$24.00 ,8 ounces,24,8,3,62,84,
Kona Mocca®,95,"Holualoa, Hawai’i","Holualoa, North Kona growing district, “Big Island” of Hawai’i",Medium-Light,58/74,$112.95/8 ounces,“Big Island” of Hawai’i,$112.95 ,8 ounces,112.95,8,14.11875,58,74,
La Esperanza Mandela,95,"Madison, Wisconsin","Trujillo, Valle Del Cauca, Cauca Department, Colombia",Light,62/80,$27.00/8 ounces,Colombia,$27.00 ,8 ounces,27,8,3.375,62,80,
Colombia Huila El Diviso Nestor Lasso Geisha Washed,95,"Taipei, Taiwan","Bruselas, Pitalito, Huila Department, Colombia",Light,66/84,NT$780/227 grams,Colombia,NT$780,227 grams,780,8.007195894,97.41237885,66,84,
Colombia La Siria Gesha,95,"San Diego, California","La Argentina, Huila Department, Colombia",Medium-Light,60/80,$53.00/8 ounces,Colombia,$53.00 ,8 ounces,53,8,6.625,60,80,
Kangocho Kenya,95,"Madison, Wisconsin","Nyeri County, Kenya",Medium-Light,59/81,$25.00/12 ounces,Kenya,$25.00 ,12 ounces,25,12,2.083333333,59,81,
Kilauea Volcano Champagne Natural,95,"Minneapolis, Minnesota","Volcano, Puna District, Big Island of Hawai’i",Light,64/80,$29.95/4 ounces,Big Island of Hawai’i,$29.95 ,4 ounces,29.95,4,7.4875,64,80,
Bourbon-Barrel-Aged Kenya Baragu,94,"San Diego, California",Central Kenya,Medium-Light,55/76,$20.00/8 ounces,Central Kenya,$20.00 ,8 ounces,20,8,2.5,55,76,
El Salvador Finca Kilimanjaro Natural,94,"San Diego, California","Santa Ana Department, El Salvador",Medium-Light,54/78,$35.00/12 ounces,El Salvador,$35.00 ,12 ounces,35,12,2.916666667,54,78,
El Salvador Cerro Las Ranas Honey Espresso,94,"Chia-Yi, Taiwan","Santa Ana region, El Salvador",Medium-Light,50/74,NT $360/16 ounces,El Salvador,NT $360,16 ounces,360,16,22.5,50,74,
Ethiopia Hambela Natural Organic,94,"Branford, Connecticut","Guji Zone, Oromia Region, southern Ethiopia",Medium-Light,52/76,$19.99/16 ounces,southern Ethiopia,$19.99 ,16 ounces,19.99,16,1.249375,52,76,
Finca El Guamo Colombia,94,"Tulsa, Oklahoma","Gaitania, Tolima Department, central Colombia",Medium-Light,54/75,$15.99/12 ounces,central Colombia,$15.99 ,12 ounces,15.99,12,1.3325,54,75,
Tanzania Tarime AB,94,"Bedford, New Hampshire","Mara growing region, Tarime, Tanzania",Medium-Light,56/80,$17.00/12 ounces,Tanzania,$17.00 ,12 ounces,17,12,1.416666667,56,80,
Monarch Gesha,94,"San Rafael, California","Holualoa, North Kona growing district, “Big Island” of Hawai'i",Medium-Light,51/73,$42.00/4 ounces,“Big Island” of Hawai'i,$42.00 ,4 ounces,42,4,10.5,51,73,
Makwa Kenya AB,94,"Chicago, Illinois","Nyeri growing region, south-central Kenya",Light,62/84,$14.00/12 ounces,south-central Kenya,$14.00 ,12 ounces,14,12,1.166666667,62,84,
Ka’u Champagne Natural,94,"Minneapolis, MInnesota","Ka'u growing region, Big Island of Hawai'i",Light,58/84,$19.95/4 ounces,Big Island of Hawai'i,$19.95 ,4 ounces,19.95,4,4.9875,58,84,
Kenya Ndaroini AA,94,"Boulder, Colorado","Nyeri growing region, south-central Kenya",Medium-Light,54/76,$20.00/12 ounces,south-central Kenya,$20.00 ,12 ounces,20,12,1.666666667,54,76,
Twisted 4.0 Espresso,94,"Madison, Wisconsin",Not disclosed,Medium-Light,53/75,$15.75/12 ounces,Not disclosed,$15.75 ,12 ounces,15.75,12,1.3125,53,75,
Sumatra Boru Batak,94,"Vancouver, British Columbia, Canada","Lintong growing region, North Sumatra Province, Sumatra, Indonesia",Medium-Light,54/80,$14.99/12 ounces,Indonesia,$14.99 ,12 ounces,14.99,12,1.249166667,54,80,
Bourbon Peaberry,94,"Holulaloa, Hawaii","Holualoa, North Kona growing district, “Big Island” of Hawaii",Medium-Light,54/80,$49.95/8 ounces,“Big Island” of Hawaii,$49.95 ,8 ounces,49.95,8,6.24375,54,80,
Ethiopia Yirgacheffe G1,94,"Minxiong, Chia-Yi, Taiwan","Yirgacheffe growing region, southern Ethiopia",Light,58/84,NT $250/225 grams,southern Ethiopia,NT $250,225 grams,250,7.936647913,31.49944444,58,84,
Rwanda Kanzu,94,"Boulder, Colorado","Nyamasheke, Rwanda",Medium-Light,55/77,$24.00/12 ounces,Rwanda,$24.00 ,12 ounces,24,12,2,55,77,
Ethiopia Guji,94,"Martinez, California","Guji Zone, Oromia Region, southern Ethiopia",Medium-Light,54/78,$12.00/8 ounces,southern Ethiopia,$12.00 ,8 ounces,12,8,1.5,54,78,
Eaagads Estate Kenya,94,"Austin, Texas","Kiambu County, south-central Kenya",Medium-Light,52/76,$19.00/12 ounces,south-central Kenya,$19.00 ,12 ounces,19,12,1.583333333,52,76,
Ethiopia Kochere Natural,94,"Boulder, Colorado","Yirgacheffe growing region, southern Ethiopia",Medium-Light,52/74,$18.00/12 ounces,southern Ethiopia,$18.00 ,12 ounces,18,12,1.5,52,74,
Kapsakiso Kenya,94,"Lexington, Virginia","Bungoma region, western Kenya",Light,60/84,$18.95/12 ounces,western Kenya,$18.95 ,12 ounces,18.95,12,1.579166667,60,84,
Flight Seasonal Espresso,94,"Floyd, Virginia",Costa Rica; Ethiopia,Medium-Light,54/78,$17.99/12 ounces,Costa Rica; Ethiopia,$17.99 ,12 ounces,17.99,12,1.499166667,54,78,
Sumatra Danau Toba,94,"Ramsey, Minnesota","Lintong growing region, North Sumatra Province, Sumatra, Indonesia",Medium-Light,55/77,$16.95/12 ounces,Indonesia,$16.95 ,12 ounces,16.95,12,1.4125,55,77,
Panama Baru Geisha Black,94,"Chia-Yi, Taiwan","Boquete growing region, western Panama",Medium-Light,52/74,NT $550/4 ounces,western Panama,NT $550,4 ounces,550,4,137.5,52,74,
Kenya Thirikwa Single-Origin Espresso,94,"Sacramento, California","Nyeri growing region, south-central Kenya",Medium,42/64,$22.00/12 ounces,south-central Kenya,$22.00 ,12 ounces,22,12,1.833333333,42,64,
Kenya Murang’a Githiga AA,94,"Chia-Yi, Taiwan","Muranga District, Central Province, Kenya",Medium-Light,53/75,$27.00/16 ounces,Kenya,$27.00 ,16 ounces,27,16,1.6875,53,75,
Boru Batak Sumatra,94,"Vancouver, British Columbia, Canada","Lintong growing region, North Sumatra Province, Indonesia",Medium-Light,53/75,CAD $18.00/340 grams,Indonesia,CAD $18.00,340 grams,18,11.99315685,1.500855882,53,75,
Sumatra Tano Batak,94,"Boston, Massachusetts","Lintong growing region, North Sumatra Province, Indonesia",Medium-Light,55/68,$18.00/12 ounces,Indonesia,$18.00 ,12 ounces,18,12,1.5,55,68,
Puna Natural,94,"Mountain View, Hawaii","Puna District, Big Island of Hawaii",Medium-Light,54/74,$29.00/10 ounces,Big Island of Hawaii,$29.00 ,10 ounces,29,10,2.9,54,74,
Ethiopia Oromia Guji Washed,94,"Taoyuan, Taiwan","Guji Zone, Oromia Region, southern Ethiopia",Medium-Light,60/79,NTD $600/225 grams,southern Ethiopia,NTD $600,225 grams,600,7.936647913,75.59866667,60,79,
Colombia Tolima Monteverde Estate Natural Wush Wush,94,"Taoyuan City, Taiwan","Tolima Department, Colombia",Medium,53/64,NTD $1200/225 grams,Colombia,NTD $1200,225 grams,1200,7.936647913,151.1973333,53,64,
Rwanda Mushonyi Natural,94,"Santa Rosa Beach, Florida","Rustiro District, Western Province, Rwanda",Medium-Light,54/78,$19.95/8 ounces,Rwanda,$19.95 ,8 ounces,19.95,8,2.49375,54,78,
Panama Baru Geisha Honey by Joseph,94,"Chia-Yi, Taiwan","Boquete growing region, western Panama",Medium-Light,56/78,NT $900/8 ounces,western Panama,NT $900,8 ounces,900,8,112.5,56,78,
Kenya AA Top Nyeri Tekangu Tegu Microlot,94,"Seoul, South Korea","Nyeri growing region, south-central Kenya",Medium-Dark,41/49,"KRW 19,000/200 grams",south-central Kenya,"KRW 19,000",200 grams,19000,7.054798145,2693.2025,41,49,
Kenya AB,94,"Waterbury Center, Vermont",South-central Kenya,Medium,47/69,$18.00/12 ounces,South-central Kenya,$18.00 ,12 ounces,18,12,1.5,47,69,
Tano Batak Sumatra,94,"Madison, Wisconsin","Lintong growing region, North Sumatra Province, Indonesia",Medium-Light,58/75,$18.50/12 ounces,Indonesia,$18.50 ,12 ounces,18.5,12,1.541666667,58,75,
Ethiopia Kayon Mountain,94,"Floyd, Virginia","Odo Shakiso District, Guji Zone, southern Ethiopia",Light,60/88,$18.99/12 ounces,southern Ethiopia,$18.99 ,12 ounces,18.99,12,1.5825,60,88,
Espresso 1849 Blend,94,"Martinez, California",Guatemala; Ethiopia,Medium,50/70,$12.00/8 ounces,Guatemala; Ethiopia,$12.00 ,8 ounces,12,8,1.5,50,70,
El Peñon Nicaragua,94,"Lee, Massachusetts","Jinotega, Nicaragua",Light,61/93,$17.95/12 ounces,Nicaragua,$17.95 ,12 ounces,17.95,12,1.495833333,61,93,
Yemen Haraaz,94,"Boulder, Colorado",Central Yemen,Medium-Light,55/75,$35.00/12 ounces,Central Yemen,$35.00 ,12 ounces,35,12,2.916666667,55,75,
Natural Sidamo Twakok G1,94,"Chia-Yi, Taiwan","Sidamo (also Sidama) growing region, south-central Ethiopia",Light,59/85,NT $520/16 ounces,south-central Ethiopia,NT $520,16 ounces,520,16,32.5,59,85,
Yule Blend 2018,94,"Bedford, New Hampshire","Kirinyaga District, south-central Kenya",Medium-Light,56/80,$15.00/12 ounces,south-central Kenya,$15.00 ,12 ounces,15,12,1.25,56,80,
Costa Rica Cumbres Del Poas “Perla Negra” Natural,94,"Charlotte, North Carolina","Sabanilla de Alajuela growing region, Costa Rica",Medium-Light,59/79,$18.00/12 ounces,Costa Rica,$18.00 ,12 ounces,18,12,1.5,59,79,
Ethiospro Blend,94,"Billings, Montana",Ethiopia,Medium-Light,54/73,$17.75/12 ounces,Ethiopia,$17.75 ,12 ounces,17.75,12,1.479166667,54,73,
Ethiopia Banko Gotiti Natural G1,94,"Taipei, Taiwan","Kochere, Yirgacheffe growing region, south-central Ethiopia",Light,58/86,NT $580/220 grams,south-central Ethiopia,NT $580,220 grams,580,7.760277959,74.73959091,58,86,
Karimikui Espresso,94,"Madison, Wisconsin","Kirinyaga District, south-central Kenya",Medium-Light,51/73,$19.50/12 ounces,south-central Kenya,$19.50 ,12 ounces,19.5,12,1.625,51,73,
Ethiopia Girma Eshetu,94,"Toronto, Ontario, Canada","Bita Genet District, Keffa Zone, southwestern Ethiopia",Medium-Light,56/80,CAD $21.00/12 ounces,southwestern Ethiopia,CAD $21.00,12 ounces,21,12,1.75,56,80,
Cream Tabby Espresso Blend,94,"New Taipei City, Taiwan",Ethiopia; Kenya,Medium-Light,49/74,NT $400/225 gram,Ethiopia; Kenya,NT $400,225 gram,400,7.94,50.37783375,49,74,
Ethiopia Kochere Debo Washed Gellana,94,"Chia-Yi, Taiwan","Yirgacheffe growing region, southern Ethiopia",Medium-Light,57/83,NT $550/16 ounces,southern Ethiopia,NT $550,16 ounces,550,16,34.375,57,83,
Panama Elida Green Tip Gesha Natural,94,"San Rafael, California","Boquete growing region, western Panama",Medium-Light,53/77,$37.00/4 ounces,western Panama,$37.00 ,4 ounces,37,4,9.25,53,77,
Green Dolphin Blend Espresso,94,"Chia-Yi, Taiwan",Ethiopia; Kenya; Colombia; Nicaragua; Sumatra,Medium-Light,50/74,NT $240/8 ounces,Ethiopia; Kenya; Colombia; Nicaragua; Sumatra,NT $240,8 ounces,240,8,30,50,74,
Guatemala Finca El General Lot ALT8 Espresso,94,"Chia-Yi, Taiwan","Acatenango growing region, central Guatemala",Medium-Light,52/74,NT $275/8 ounces,central Guatemala,NT $275,8 ounces,275,8,34.375,52,74,
Ethiopia Yirgacheffe Natural,94,"Boulder, Colorado","Yirgacheffe growing region, southern Ethiopia",Medium-Light,55/80,$18.00/12 ounces,southern Ethiopia,$18.00 ,12 ounces,18,12,1.5,55,80,
Ethiopia Yirgacheffe Natural Espresso,94,"Boulder, Colorado","Yirgacheffe growing region, southern Ethiopia",Medium-Light,51/74,$18.00/12 ounces,southern Ethiopia,$18.00 ,12 ounces,18,12,1.5,51,74,
Kenya Kabare Konyu,94,"Sacamento, California","Kirinyaga District, south-central Kenya",Medium-Light,54/80,$20.50/12 ounces,south-central Kenya,$20.50 ,12 ounces,20.5,12,1.708333333,54,80,
Kenya Embu Uteuzi Jimbo,94,"Chia-Yi, Taiwan","Embu County, Eastern Province Kenya",Medium-Light,56/80,NT $700/16 ounces,Eastern Province Kenya,NT $700,16 ounces,700,16,43.75,56,80,
DR Congo FTO Bourbon SOPACDI,94,"Boulder, Colorado","Kalehe, South Kivu Province, Democratic Republic of the Congo",Medium-Light,50/74,$18.00/12 ounces,Democratic Republic of the Congo,$18.00 ,12 ounces,18,12,1.5,50,74,
Jade Espresso,94,"Charlotte, North Carolina",Brazil and four other origins,Medium-Light,56/72,$14.00/12 ounces,Brazil and four other origins,$14.00 ,12 ounces,14,12,1.166666667,56,72,
Kenya Gura AA,94,"Tainan, Taiwan",Central Kenya,Medium-Light,56/78,NT $460/8 ounces,Central Kenya,NT $460,8 ounces,460,8,57.5,56,78,
Burundi Buhorwa,94,"Chicago, Illinois",Northern Burundi,Medium-Light,54/78,$15.00/12 ounces,Northern Burundi,$15.00 ,12 ounces,15,12,1.25,54,78,
Gedeb Espresso,94,"Madison, Wisconsin","Gedeb District, Yirgacheffe growing region, south-central Ethiopia",Medium-Light,51/74,$18.75/12 ounces,south-central Ethiopia,$18.75 ,12 ounces,18.75,12,1.5625,51,74,
Summer Night Blend Espresso,94,"Chia-Yi, Taiwan",Guatemala; Honduras; Ethiopia,Medium-Light,58/82,NT $500/16 ounces,Guatemala; Honduras; Ethiopia,NT $500,16 ounces,500,16,31.25,58,82,
Kenya Kirinyaga,94,"Chicago, Illinois","Kirinyaga District, south-central Kenya",Light,65/91,$15.00/12 ounces,south-central Kenya,$15.00 ,12 ounces,15,12,1.25,65,91,
Ethiopia Guji Gigessa,94,"Changhua County, Taiwan","Guji Zone, Oromia Region, south-central Ethiopia",Light,60/84,NT $460/8 ounces,south-central Ethiopia,NT $460,8 ounces,460,8,57.5,60,84,
Sumatra Mutu Batak,94,"Los Angeles, California","Lintong growing region, North Sumatra Province, Indonesia",Medium,49/71,$14.95/12 ounces,Indonesia,$14.95 ,12 ounces,14.95,12,1.245833333,49,71,
Yemen Port of Mokha Al-Durrar,94,"San Rafael, California","Al-Durrar, Sana’a Governorate, Yemen",Medium-Light,50/76,$30.50/4 ounces,Yemen,$30.50 ,4 ounces,30.5,4,7.625,50,76,
Sumatra Tano Batak,94,"Bedford, New Hampshire","Lintong growing region, North Sumatra Province, Indonesia",Medium-Light,55/77,$17.00/12 ounces,Indonesia,$17.00 ,12 ounces,17,12,1.416666667,55,77,
Three Queens Blend,94,"Thornton, Colorado",Ethiopia; Burundi; Kenya,Medium-Light,52/73,$13.99/12 ounces,Ethiopia; Burundi; Kenya,$13.99 ,12 ounces,13.99,12,1.165833333,52,73,
Sumatra Tano Batak,94,"Topeka, Kansas","Lintong growing region, North Sumatra Province, Indonesia",Medium-Light,53/77,$21.00/12 ounces,Indonesia,$21.00 ,12 ounces,21,12,1.75,53,77,
Kenya Nyeri Gatugi Peaberry,94,"Ventura, California","Nyeri growing region, south-central Kenya",Medium,45/75,$17.95/12 ounces,south-central Kenya,$17.95 ,12 ounces,17.95,12,1.495833333,45,75,
Mandheling Onan Ganjang,94,"Chia-Yi, Taiwan","Lintong growing region, North Sumatra Province, Indonesia",Medium-Light,55/77,NT $550/16 ounces,Indonesia,NT $550,16 ounces,550,16,34.375,55,77,
Ethiopia Suke Quto Honey,94,"Ramsey, Minnesota","Guji Zone, Oromia Region, south-central Ethiopia",Medium-Light,58/82,$17.95/12 ounces,south-central Ethiopia,$17.95 ,12 ounces,17.95,12,1.495833333,58,82,
Ethiopia Biftu Gundina Coop Espresso,94,"Chia-Yi, Taiwan","Agaro District, Jimma Zone, west-central Ethiopia",Medium-Dark,42/57,NT $550/16 ounces,west-central Ethiopia,NT $550,16 ounces,550,16,34.375,42,57,
Ethiopia Banko Gotiti Natural,94,"Chia-Yi, Taiwan","Yirgacheffe growing region, south-central Ethiopia",Light,60/88,NT $650/16 ounces,south-central Ethiopia,NT $650,16 ounces,650,16,40.625,60,88,
Canoe Blend,94,"Portland, Oregon",Central America; South America; Indonesia,Medium-Light,56/82,$14.00/12 ounces,Central America; South America; Indonesia,$14.00 ,12 ounces,14,12,1.166666667,56,82,
Guatemala Retiro Natural Process,94,"Durango, Colorado","San Martin Jilotepeque, Chimaltenango Department, central Guatemala",Medium-Light,57/70,$15.75/12 ounces,central Guatemala,$15.75 ,12 ounces,15.75,12,1.3125,57,70,
Kenya Gatugi AB,94,"Taichung, Taiwan",Kenya Gatugi AB,Medium-Light,53/85,$35.00/100 grams,Kenya Gatugi AB,$35.00 ,100 grams,35,3.527399072,9.922325,53,85,
Karen J Red Bourbon,94,"Holualoa, Hawaii","Holualoa, North Kona growing district, “Big Island” of Hawaii",Medium-Light,58/80,$45.95/8 ounces,“Big Island” of Hawaii,$45.95 ,8 ounces,45.95,8,5.74375,58,80,
Ethiopia Banko Gotiti,94,"Floyd, Virginia","Kochere, Yirgacheffe growing region, south-central Ethiopia",Light,65/93,$16.99/12 ounces,south-central Ethiopia,$16.99 ,12 ounces,16.99,12,1.415833333,65,93,
Ethiopia Banko Gotiti Natural,94,"Taipei, Taiwan","Yirgacheffe growing region, south-central Ethiopia",Light,60/84,NT $700/16 ounces,south-central Ethiopia,NT $700,16 ounces,700,16,43.75,60,84,
Aged Sumatra Ulos Batak Peaberry,94,"San Rafael, California","Dolok Sanggul, Lintong growing region, North Sumatra, Indonesia",Medium-Light,53/73,$18.00/12 ounces,Indonesia,$18.00 ,12 ounces,18,12,1.5,53,73,
Ethiopia Gera Limmu Oromia,94,"Sacramento, Californiaa","Limu Woreda, Oromia region, southwest Ethiopia",Medium-Light,58/82,$17.50/12 ounces,southwest Ethiopia,$17.50 ,12 ounces,17.5,12,1.458333333,58,82,
Ethiopia Hambela Natural,94,"Chicago, Illinois","Hambela Wamena District, Guji Zone, Oromia region, southern Ethiopia",Medium-Light,56/82,$18.00/12 ounces,southern Ethiopia,$18.00 ,12 ounces,18,12,1.5,56,82,
Kenya AB Phoenix Special “Glory”,94,"Taoyuan City, Taiwan","Kirinyaga District, south-central Kenya",Medium-Dark,39/45,NT $1500/16 ounces,south-central Kenya,NT $1500,16 ounces,1500,16,93.75,39,45,
Kivu DR Congo,94,"Madison, Wisconsin","Kalehe, South Kivu Province, Democratic Republic of the Congo",Medium-Light,56/78,$16.90/12 ounces,Democratic Republic of the Congo,$16.90 ,12 ounces,16.9,12,1.408333333,56,78,
Nicaragua Un Regalo de Dios Bourbon,94,"Torrington, Connecticut","Nueva Segovia growing region, Nicaragua",Medium-Light,56/81,$16.99/12 ounces,Nicaragua,$16.99 ,12 ounces,16.99,12,1.415833333,56,81,
Ethiopia Banko Dhadhato Washed,94,"Floyd, Virginia","Yirgacheffe growing region, southern Ethiopia",Light,62/82,$17.99/12 ounces,southern Ethiopia,$17.99 ,12 ounces,17.99,12,1.499166667,62,82,
Ethiopia WORKA,94,"Floyd, Virginia","Yirgacheffe growing region, southern Ethiopia",Medium-Light,60/80,$17.99/12 ounces,southern Ethiopia,$17.99 ,12 ounces,17.99,12,1.499166667,60,80,
Kenya Murunga New Gatanga FCS Mukurwe Factory AB,94,"Yilan, Taiwan","Nyeri growing region, south-central Kenya",Medium-Light,54/76,$16.00/8 ounces,south-central Kenya,$16.00 ,8 ounces,16,8,2,54,76,
Halo Beriti Ethiopia,94,"Madison, Wisconsin","Gedeb District, Gedeo Zone, southern Ethiopia",Medium-Light,53/77,$17.90/12 ounces,southern Ethiopia,$17.90 ,12 ounces,17.9,12,1.491666667,53,77,
Ethiopia Konga Sede,94,"Floyd, Virginia","Yirgacheffe growing region, southern Ethiopia",Medium-Light,60/78,$16.49/12 ounces,southern Ethiopia,$16.49 ,12 ounces,16.49,12,1.374166667,60,78,
Static Cali Classic Espresso,94,"Chino, California",Ethiopia; Colombia,Medium-Light,54/68,$14.95/12 ounces,Ethiopia; Colombia,$14.95 ,12 ounces,14.95,12,1.245833333,54,68,
Colombia Geisha,94,"Minneapolis, MInnesota","Huila, Colombia",Medium-Light,53/77,$12.95/6 ounces,Colombia,$12.95 ,6 ounces,12.95,6,2.158333333,53,77,
Colombia Sidra,94,"Changhua County, Taiwan","Tolima Department, Colombia",Medium-Light,58/80,$15.00/8 ounces,Colombia,$15.00 ,8 ounces,15,8,1.875,58,80,
Shine Day El Salvador,94,"Taipei, Taiwan",El Salvador,Light,61/84,NT $490/225 grams,El Salvador,NT $490,225 grams,490,7.936647913,61.73891111,61,84,
Honduras Las Flores Parainema,94,"Brooklyn, New York","Santa Bárbara, Honduras",Medium-Light,56/80,$22.00/12 ounces,Honduras,$22.00 ,12 ounces,22,12,1.833333333,56,80,
Jinotega Geisha,94,"Ramsey, Minnesota","Jinotega growing region, Nicaragua",Medium-Light,53/78,$18.95/12 ounces,Nicaragua,$18.95 ,12 ounces,18.95,12,1.579166667,53,78,
Guatemala Finca El General Espresso,94,"Chia-Yi, Taiwan","Acatenango growing region, central Guatemala",Medium-Light,56/76,NT $550/16 ounces,central Guatemala,NT $550,16 ounces,550,16,34.375,56,76,
Ethiopia Guji Zone Natural,94,"Daejeon, South Korea","Guji Zone, southern Ethiopia",Light,60/82,"KRW $13,000/200 grams",southern Ethiopia,"KRW $13,000",200 grams,13000,7.054798145,1842.7175,60,82,
Kenya Boma AA,94,"Tulsa, Oklahoma","Baringo and Nakura Counties, central Kenya",Medium-Light,53/76,$15.99/12 ounces,central Kenya,$15.99 ,12 ounces,15.99,12,1.3325,53,76,
Colombia Finca Campoalegre,94,"Durango, Colorado","Pitalito, Huila Department, southern Colombia",Medium-Light,55/77,$12.95/12 ounces,southern Colombia,$12.95 ,12 ounces,12.95,12,1.079166667,55,77,
Kenya Boma Peaberry,94,"Tulsa, Oklahoma","Baringo and Nakura Counties, central Kenya",Medium-Light,54/76,$16.99/12 ounces,central Kenya,$16.99 ,12 ounces,16.99,12,1.415833333,54,76,
Panama Geisha,94,"Lincoln, California","Boquete growing region, western Panama",Medium-Dark,34/52,$29.99/12 ounces,western Panama,$29.99 ,12 ounces,29.99,12,2.499166667,34,52,
Esmeralda Special Auction Washed Geisha,94,"Boulder, Colorado","Boquete growing region, western Panama",Medium-Light,54/78,$50.00/8 ounces,western Panama,$50.00 ,8 ounces,50,8,6.25,54,78,
Banco Gotete Ethiopia,94,"Madison, Wisconsin","Yirgacheffe growing region, southern Ethiopia",Medium-Light,53/75,$18.50/12 ounces,southern Ethiopia,$18.50 ,12 ounces,18.5,12,1.541666667,53,75,
Ethiopia Haro Wachu,94,"Belmar, New Jersey","Guji Zone, Oromia Region, southern Ethiopia",Medium-Light,50/72,$15.00/8 ounces,southern Ethiopia,$15.00 ,8 ounces,15,8,1.875,50,72,
Chelelektu Espresso,94,"Madison, Wisconsin","Yirgacheffe growing region, southern Ethiopia",Medium-Light,51/73,$17.25/12 ounces,southern Ethiopia,$17.25 ,12 ounces,17.25,12,1.4375,51,73,
Kenya Nyeri Nudurutu Factory AB,94,"Chia-Yi, Taiwan","Nyeri growing region, south-central Kenya",Medium-Light,57/79,NT $300/8 ounces,south-central Kenya,NT $300,8 ounces,300,8,37.5,57,79,
Kenya Nyeri Hill Farm,94,"Austin, Texas","Nyeri growing region, south-central Kenya",Medium-Light,55/79,$18.00/12 ounces,south-central Kenya,$18.00 ,12 ounces,18,12,1.5,55,79,
Ace Espresso,94,"Toronto, Ontario, Canada",Mexico; Ethiopia,Medium-Light,52/74,CAD $18.00/12 ounces,Mexico; Ethiopia,CAD $18.00,12 ounces,18,12,1.5,52,74,
Costa Rica Geisha Honey COE 2018 2nd Place,94,"Boulder, Colorado","Tarrazu growing region, Costa Rica",Medium-Light,50/76,$45.00/8 ounces,Costa Rica,$45.00 ,8 ounces,45,8,5.625,50,76,
Kenya Kiambu,94,"Billings, Montana","Kiambu County, south-central Kenya",Medium-Light,53/81,$16.75/12 ounces,south-central Kenya,$16.75 ,12 ounces,16.75,12,1.395833333,53,81,
Kenya Mutungati,94,"Toronto, Ontario, Canada","Nakuru Province, south-central Kenya",Medium-Light,54/80,CAD $21.00/12 ounces,south-central Kenya,CAD $21.00,12 ounces,21,12,1.75,54,80,
Ethiopia Gedeb Halo Beriti,94,"Hamilton, Montana","Gedeb District, Gedeo Zone, southern Ethiopia",Medium,48/70,$16.50/12 ounces,southern Ethiopia,$16.50 ,12 ounces,16.5,12,1.375,48,70,
Kariru Kenya,94,"Madison, Wisconsin",South-central Kenya,Medium-Light,56/75,$19.50/12 ounces,South-central Kenya,$19.50 ,12 ounces,19.5,12,1.625,56,75,
Kenya Baragwi Thimu Peaberry,94,"Sacramento, California","Kirinyaga District, south-central Kenya",Medium-Light,52/74,$19.50/12 ounces,south-central Kenya,$19.50 ,12 ounces,19.5,12,1.625,52,74,
Ethiopia Sidama,94,"Oakville, Ontario, Canada","Sidama (also Sidamo) growing region, southern Ethiopia",Medium,47/72,CAD $17.00/12 ounces,southern Ethiopia,CAD $17.00,12 ounces,17,12,1.416666667,47,72,
Karimikui Kenya,94,"Madison, Wisconsin","Kirinyaga District, south-central Kenya",Medium-Light,55/75,$19.50/12 ounces,south-central Kenya,$19.50 ,12 ounces,19.5,12,1.625,55,75,
Flora Blend Espresso,94,"Hong Kong, China",Africa; Asia Pacific,Medium-Light,54/77,HKD $158/227 grams,Africa; Asia Pacific,HKD $158,227 grams,158,8.007195894,19.7322511,54,77,
Kenya Kabingara,94,"Los Angeles, California","Kirinyaga District, south-central Kenya",Medium-Light,58/80,$19.95/12 ounces,south-central Kenya,$19.95 ,12 ounces,19.95,12,1.6625,58,80,
La Providencia Guatemala Maragogype,94,"San Diego, California","Huehuetenango growing region, Guatemala",Medium-Light,56/78,$21.00/12 ounces,Guatemala,$21.00 ,12 ounces,21,12,1.75,56,78,
Kenya Gikirima Kibugu,94,"Youngstown, Ohio","Embu County, Eastern Province, Kenya",Medium-Light,56/74,$16.25/10 ounces,Kenya,$16.25 ,10 ounces,16.25,10,1.625,56,74,
Ethiopia Guji Natural Dasaya,94,"Chia-Yi, Taiwan","Guji Zone, Oromia Region, southern Ethiopia",Medium-Light,57/79,NT $300/8 ounces,southern Ethiopia,NT $300,8 ounces,300,8,37.5,57,79,
El Aquila Pacamara Espresso,94,"Madison, Wisconsin","Santa Ana region, El Salvador",Medium-Light,54/75,$17.90/12 ounces,El Salvador,$17.90 ,12 ounces,17.9,12,1.491666667,54,75,
Guatemala Finca El Injerto Gesha,94,"San Diego, California","Huehuetenango Department, Guatemala",Medium-Light,56/82,$51.00/8 ounces,Guatemala,$51.00 ,8 ounces,51,8,6.375,56,82,
Kenya Gatomboya AA,94,"Boulder, Colorado","Nyeri growing region, south-central Kenya",Medium-Light,56/76,$18.00/12 ounces,south-central Kenya,$18.00 ,12 ounces,18,12,1.5,56,76,
Kiunyu Peaberry,94,"San Diego, California",South-central Kenya,Medium-Light,52/76,$26.00/12 ounces,South-central Kenya,$26.00 ,12 ounces,26,12,2.166666667,52,76,
Wei Rong Blend,94,"Kaohsiung City, Taiwan",Ethiopia; Guatemala; Kenya,Medium-Light,55/72,NT $300/8 ounces,Ethiopia; Guatemala; Kenya,NT $300,8 ounces,300,8,37.5,55,72,
Mama Cata Geisha Washed,94,"Branford, Connecticut","Alto Quiel, Boquete growing region, western Panama",Medium-Light,56/84,$54.00/12 ounces,western Panama,$54.00 ,12 ounces,54,12,4.5,56,84,
Panama Baru Geisha Natural by Joseph,94,"Chia-Yi, Taiwan","Boquete growing region, western Panama",Medium-Light,58/80,NT $950/8 ounces,western Panama,NT $950,8 ounces,950,8,118.75,58,80,
Camilina Geisha,94,"San Diego, California","Piedra Candela, Chiriqui Province, far western Panama",Medium-Light,54/78,$45.00/8 ounces,far western Panama,$45.00 ,8 ounces,45,8,5.625,54,78,
Colombia El Obraje Gesha,94,"Hillsborough, North Carolina","Narino Department, southern Colombia",Medium-Light,54/74,$24.00/6 ounces,southern Colombia,$24.00 ,6 ounces,24,6,4,54,74,
Holiday Sweet Blend,94,"Floyd, Virginia",Ethiopia; Rwanda; Colombia,Medium-Light,54/76,$16.99/12 ounces,Ethiopia; Rwanda; Colombia,$16.99 ,12 ounces,16.99,12,1.415833333,54,76,
Colombia Finca Campo Hermosa,94,"Cleveland, Tennessee","Quindio Department, Colombia",Light,62/82,$29.99/8 ounces,Colombia,$29.99 ,8 ounces,29.99,8,3.74875,62,82,
The Secret Coffee,94,"Taichung, Taiwan","Yirgacheffe growing region, southern Ethiopia.",Light,66/99,NTD $600/227 grams,southern Ethiopia.,NTD $600,227 grams,600,8.007195894,74.93259912,66,99,
Colombia La Palma and El Tucan Espresso,94,"Chia-Yi, Taiwan","Cundinamarca Department, central Colombia",Medium-Light,51/72,NT $500/16 ounces,central Colombia,NT $500,16 ounces,500,16,31.25,51,72,
Ethiopia Yirgacheffe Gedeo Worka Fair Trade Organic Certified,94,"Madison, Wisconsin.","Yirgacheffe growing region, southern Ethiopia.",Light,59/89,$15.99/12 onces,southern Ethiopia.,$15.99 ,12 onces,15.99,12,1.3325,59,89,
Rwanda Abakundakawa,94,"Viroqua, Wisconsin","Gakenke District, Rwanda.",Medium-Light,58/82,$14.75/12 ounces,Rwanda.,$14.75 ,12 ounces,14.75,12,1.229166667,58,82,
Mario San Jose Geisha,94,"Topeka, Kansas","Boquete growing region, western Panama",Medium-Light,54/71,$67.40/8 ounces,western Panama,$67.40 ,8 ounces,67.4,8,8.425,54,71,
Ethiopia Yirgacheffe Kochere,94,"Ramsey, Minnesota","Yirgacheffe growing region, southern Ethiopia.",Medium-Light,53/69,$14.95/12 ounces,southern Ethiopia.,$14.95 ,12 ounces,14.95,12,1.245833333,53,69,
Yirgacheffe Blue Nile,94,"Emeryville, California","Yirgacheffe growing region, southern Ethiopia.",Medium-Light,54/73,$17.50/16 ounces,southern Ethiopia.,$17.50 ,16 ounces,17.5,16,1.09375,54,73,
Ninety Plus Sillvia SK L95,94,"Hong Kong, China","Silla Del Pando, Volcan, Panama.",Medium-Light,55/75,$40.00/100 grams,Panama.,$40.00 ,100 grams,40,3.527399072,11.3398,55,75,
Washed Yirgacheffe,94,"New Taipei City, Taiwan","Yirgacheffe growing region, southern Ethiopia.",Light,61/81,NTD $400/8 ounces,southern Ethiopia.,NTD $400,8 ounces,400,8,50,61,81,
Sweet Breeze,94,"New Taipei City, Taiwan",Kenya; Yirgacheffe region of Ethiopia; other undisclosed origins.,Medium-Light,58/76,NTD $500/8 ounces,Kenya; Yirgacheffe region of Ethiopia; other undisclosed origins.,NTD $500,8 ounces,500,8,62.5,58,76,
Kenya Mukurweini Kamuchuni AA,94,"Seattle, Washington","Mukurweini District, Central Kenya.",Medium,53/63,$18.00/12 ounces,Central Kenya.,$18.00 ,12 ounces,18,12,1.5,53,63,
Harfusa Ethiopia Yirgacheffe Fair Trade Organic,94,"Madison, Wisconsin","Yirgacheffe growing district, southern Ethiopia.",Medium-Light,56/73,$14.99/12 ounces,southern Ethiopia.,$14.99 ,12 ounces,14.99,12,1.249166667,56,73,
Sumatra Wahana Natural,94,"Portland, Maine","Lintong growing region, northern Sumatra, Indonesia.",Medium-Light,59/69,$16.20/12 ounces,Indonesia.,$16.20 ,12 ounces,16.2,12,1.35,59,69,
Rutana Burundi Espresso,94,"Madison, Wisconsin",Burundi,Medium-Dark,46/55,$13.99/12 ounces,Burundi,$13.99 ,12 ounces,13.99,12,1.165833333,46,55,
Yukro Ethiopia,94,"Acton, Massachusetts","Gera District of Oromia Region, western Ethiopia.",Medium-Light,57/72,$21.00/12 ounces,western Ethiopia.,$21.00 ,12 ounces,21,12,1.75,57,72,
Belekatu Ethiopia Yirgacheffe,94,"Madison, Wisconsin","Yirgacheffe growing region, southern Ethiopia.",Medium-Light,56/78,$14.99/12 ounces,southern Ethiopia.,$14.99 ,12 ounces,14.99,12,1.249166667,56,78,
El Salvador Santa Marta Honey,94,"Ramsey, Minnesota","San Miguel Department, El Salvador.",Medium-Light,55/79,$16.95/12 ounces,El Salvador.,$16.95 ,12 ounces,16.95,12,1.4125,55,79,
Tchembe Single Origin Espresso,94,"Lee, Massachusetts","Gedeo Zone, southern Ethiopia.",Medium,53/66,$24.95/16 ounces,southern Ethiopia.,$24.95 ,16 ounces,24.95,16,1.559375,53,66,
Geisha P.E.B. (RFA),94,"Hong Kong, China","Boquete growing region, western Panama",Medium-Light,56/83,HK $588/100 grams,western Panama,HK $588,100 grams,588,3.527399072,166.69506,56,83,
Sumatra Mandheling Wahana,94,"Lexington, Virginia","Lintong growing region, northern Sumatra, Indonesia.",Medium-Light,59/76,$13.50/12 ounces,Indonesia.,$13.50 ,12 ounces,13.5,12,1.125,59,76,
Geisha S94,94,"Hong Kong, China","Boquete growing region, western Panama",Light,61/93,HK $288/100 grams,western Panama,HK $288,100 grams,288,3.527399072,81.64656,61,93,
Kenya AB Top Lot Single-Origin Espresso,94,"Taoyuan City, Taiwan","Nyeri growing region, south-central Kenya",Medium-Dark,46/53,NT $1300/16 ounces,south-central Kenya,NT $1300,16 ounces,1300,16,81.25,46,53,
Ethiopia Nekisse,94,"Oakland, California","Sidama (also Sidamo) growing region, southern Ethiopia.",Light,63/79,$15.00/5.3 ounces,southern Ethiopia.,$15.00 ,5.3 ounces,15,53,0.283018868,63,79,
"Finca El Injerto Patagonia, Guatemala",94,"Topeka, Kansas","Huehuetenango growing region, Guatemala.",Medium-Light,59/78,$19.95/8 ounces,Guatemala.,$19.95 ,8 ounces,19.95,8,2.49375,59,78,
Colombia Geisha,94,"Waterbury, Vermont","Valle del Cauca growing region, Colombia.",Medium,46/68,$24.99/10 ounces,Colombia.,$24.99 ,10 ounces,24.99,10,2.499,46,68,
Ulos Batak Sumatra,94,"Madison, Wisconsin","Northern Sumatra, Indonesia",Medium-Light,57/82,$14.99/12 ounces,Indonesia,$14.99 ,12 ounces,14.99,12,1.249166667,57,82,
El Salvador Santa Rita,94,"Lexington, Virginia.","Santa Rita growing region, El Salvador.",Medium-Light,56/80,$11.25/12 ounces.,El Salvador.,$11.25 ,12 ounces.,11.25,12,0.9375,56,80,
Colombia El Roble Single Origin Espresso,94,"Acton, Massachusetts","Santander Department, Colombia.",Medium,48/59,$17.75/12 ounces,Colombia.,$17.75 ,12 ounces,17.75,12,1.479166667,48,59,
Colombia Huila Monserrate Yaneth Gil Microlot,94,"Seattle, Washington","Huila growing region, Colombia.",Medium,54/63,$9.50/8 ounces,Colombia.,$9.50 ,8 ounces,9.5,8,1.1875,54,63,
Kenya Nyeri AA Gaturiri,94,"San Diego, California","Nyeri growing region, central Kenya.",Medium-Dark,45/52,$15.99/8 ounces,central Kenya.,$15.99 ,8 ounces,15.99,8,1.99875,45,52,
Colombia Finca Villa Loyola,94,"Topeka, Kansas","Narino Department, southern Colombia",Medium-Light,60/72,$18.35/12 ounces,southern Colombia,$18.35 ,12 ounces,18.35,12,1.529166667,60,72,
Colombian La Esperanza,94,"Lee, Massachusetts","Valle del Cauca growing region, Colombia.",Medium-Light,58/73,$17.95/16 ounces,Colombia.,$17.95 ,16 ounces,17.95,16,1.121875,58,73,
Panama Lerida Estate,94,"Waterbury, Vermont","Volcan Baru, western Panama.",Medium,51/61,$19.49/12 ounces,western Panama.,$19.49 ,12 ounces,19.49,12,1.624166667,51,61,
Kona Maragogipe Honey S.O. Espresso,94,"Taoyuan City, Taiwan","Kona growing district, ""Big Island"" of Hawaii.",Medium,53/63,NT $1600/8 ounces,"""Big Island"" of Hawaii.",NT $1600,8 ounces,1600,8,200,53,63,
Gelena Abaya Natural Processed Ethiopia,94,"New Brunswick, New Jersey","Kersa district, Oromia region, southern Ethiopia.",Light,66/88,$14.99/12 ounces,southern Ethiopia.,$14.99 ,12 ounces,14.99,12,1.249166667,66,88,
Ethiopia Washed Yirgacheffe Aroma Roast,94,"Taoyuan City, Taiwan","Yirgacheffe growing region, southern Ethiopia.",Medium,53/64,NTD $950/16 ounces,southern Ethiopia.,NTD $950,16 ounces,950,16,59.375,53,64,
Panama Don Pachi Natural Geisha,94,"Los Angeles, California","Boquete growing region, western Panama",Medium-Light,55/78,$59.95/8 ounces,western Panama,$59.95 ,8 ounces,59.95,8,7.49375,55,78,
Ethiopia Nanno Challa Cooperative,94,"Topeka, Kansas",Western Ethiopia,Medium,53/66,$16.93/12 ounces,Western Ethiopia,$16.93 ,12 ounces,16.93,12,1.410833333,53,66,
Panama Don Pachi Natural Geisha,94,"La Jolla, California","Boquete growing region, western Panama",Medium-Light,61/77,$59.99/8 ounces,western Panama,$59.99 ,8 ounces,59.99,8,7.49875,61,77,
Goldilocks Espresso,94,"Peoria, Illinois",Not disclosed.,Medium-Light,56/75,$15.00/12 ounces,Not disclosed.,$15.00 ,12 ounces,15,12,1.25,56,75,
Ethiopia Hachira,94,"Peoria, Illinois","Yirgacheffe growing region, southern Ethiopia.",Medium-Light,58/74,$25.00/8 ounces,southern Ethiopia.,$25.00 ,8 ounces,25,8,3.125,58,74,
Kenya Thunguri – Top Auction Lot,94,"Topeka, Kansas","Kirinyaga District, Central Highlands, Kenya.",Medium,49/62,$18.94/12 ounces,Kenya.,$18.94 ,12 ounces,18.94,12,1.578333333,49,62,
Karatu Kenya AA,94,"Madison, Wisconsin","Thika growing region, central Kenya.",Medium,53/67,$16.99/12 ounces,central Kenya.,$16.99 ,12 ounces,16.99,12,1.415833333,53,67,
Bourbon Duets,94,"Kaohsiung City, Taiwan",Not disclosed.,Medium,47/59,"NTD $1,000/16 ounces",Not disclosed.,"NTD $1,000",16 ounces,1000,16,62.5,47,59,
Ethiopia Dry Process Saris Abaya,94,"I-Lan City, Taiwan","Guji Zone, Sidama Province, southern Ethiopia.",Medium-Light,59/72,NT $450/8 ounces,southern Ethiopia.,NT $450,8 ounces,450,8,56.25,59,72,
Ninety Plus Kemgin W2 Ethiopia,94,"New Taipei City, Taiwan",Southern Ethiopia.,Medium,49/65,NT $1300/16 ounces,Southern Ethiopia.,NT $1300,16 ounces,1300,16,81.25,49,65,
Maragogype Honey Process,94,"Pahala, Hawaii",Big Island of Hawaii,Medium-Light,51/75,$20.00/3.5 ounces,Big Island of Hawaii,$20.00 ,3.5 ounces,20,35,0.571428571,51,75,
Ethiopia Washed Yirgacheffe Mini-Me,94,"Taoyuan City, Taiwan","Yirgacheffe growing region, southern Ethiopia.",Medium,50/62,NT $1000/16 ounces,southern Ethiopia.,NT $1000,16 ounces,1000,16,62.5,50,62,
Juliette Red Ninety Plus Gesha Estate Panama,94,"Seoul, South Korea","Silla Del Pando, Volcan, Panama.",Medium-Light,53/72,"KRW 35,000/100 grams",Panama.,"KRW 35,000",100 grams,35000,3.527399072,9922.325,53,72,
Panama Los Lajones Bambu Geisha Natural,94,"Ramsey, Minnesota","Boquete growing region, western Panama",Medium-Light,58/75,$59.95/8 ounces,western Panama,$59.95 ,8 ounces,59.95,8,7.49375,58,75,
Makwa Kenya Nyeri,94,"La Jolla, California","Nyeri growing region, south-central Kenya.",Medium-Light,57/71,$17.99/12 ounces,south-central Kenya.,$17.99 ,12 ounces,17.99,12,1.499166667,57,71,
Ethiopia Banko Natural,94,"Olympia, Washington","Gedeo Zone, Yirgacheffe growing region, southern Ethiopia.",Medium-Light,58/75,$16.30/12 ounces,southern Ethiopia.,$16.30 ,12 ounces,16.3,12,1.358333333,58,75,
Ethiopia Yirgacheffe Kochere Aricha,94,"Oakland, California","Yirgacheffe growing region, southern Ethiopia.",Medium-Light,53/79,$12.10/12 ounces,southern Ethiopia.,$12.10 ,12 ounces,12.1,12,1.008333333,53,79,
Ganesha Espresso,94,"Bellingham, Washington",Not disclosed.,Medium,49/59,$13.99/16 ounces,Not disclosed.,$13.99 ,16 ounces,13.99,16,0.874375,49,59,
Ethiopia Kelenso Mokanisa,94,"Bellingham, Washington","Sidamo (also Sidama) growing region, southern Ethiopia.",Medium-Light,59/73,$13.99/12 ounces,southern Ethiopia.,$13.99 ,12 ounces,13.99,12,1.165833333,59,73,
Kenya Gichuka AA,94,"Sacramento, California",Central Kenya.,Medium-Light,56/72,$17.00/12 ounces,Central Kenya.,$17.00 ,12 ounces,17,12,1.416666667,56,72,
Sumatra Blue Batak Peaberry,94,"Sacramento, California","Lintong growing region, North Sumatra, Indonesia.",Medium,53/68,$16.50/12 ounces,Indonesia.,$16.50 ,12 ounces,16.5,12,1.375,53,68,
Panama Finca La Mula Geisha Natural,94,"San Rafael, California","Boquete growing region, western Panama",Medium-Light,60/75,$49.95/8 ounces,western Panama,$49.95 ,8 ounces,49.95,8,6.24375,60,75,
Organic Ethiopian Yirgacheffe Idido,94,"Driftless, Wisconsin","Yirgacheffe growing region, southern Ethiopia.",Medium-Light,59/74,$15.75/12 ounces,southern Ethiopia.,$15.75 ,12 ounces,15.75,12,1.3125,59,74,
Ethiopia Washed Sidama Shilcho Coop G1,94,"Chia-Yi, Taiwan","Sidamo (also Sidama) growing region, southern Ethiopia.",Light,64/80,NT $650/16 ounces,southern Ethiopia.,NT $650,16 ounces,650,16,40.625,64,80,
Ethiopia Yirgacheffe ECX Auction Lot,94,"Sacramento, California","Yirgacheffe growing region, south-central Ethiopia.",Medium-Light,56/71,$17.00/12 ounces,south-central Ethiopia.,$17.00 ,12 ounces,17,12,1.416666667,56,71,
El Salvador Santa Elena Honey Pacamara,94,"Sacramento, California","Chalatenango, El Salvador",Medium-Light,55/68,$19.00/12 ounces,El Salvador,$19.00 ,12 ounces,19,12,1.583333333,55,68,
Rwanda Karongi Gitesi,94,"Bedford, New Hampshire","Kirambo, Karongi District, Rwanda.",Medium-Light,53/71,$14.50/12 ounces,Rwanda.,$14.50 ,12 ounces,14.5,12,1.208333333,53,71,
Ethiopia Gedeo Yirgacheffe,94,"Billings, Montana","Yirgacheffe growing region, south-central Ethiopia.",Light,63/85,$13.75/12 ounces,south-central Ethiopia.,$13.75 ,12 ounces,13.75,12,1.145833333,63,85,
Ethiopia Amaro Gayo Dry Process,94,"Bedford, New Hampshire","Amaro region, southern Ethiopia.",Medium-Light,60/81,$13.50/12 ounces,southern Ethiopia.,$13.50 ,12 ounces,13.5,12,1.125,60,81,
100% Kona High Mountain Io Extra Fancy,94,"Holualoa, Hawaii","Holualoa, North Kona growing district, Hawaii.",Medium-Light,55/75,$35.95/8 ounces,Hawaii.,$35.95 ,8 ounces,35.95,8,4.49375,55,75,
El Agulia Pacamara El Salvador,94,"Olympia, Washington","Santa Ana Region, El Salvador.",Light,63/82,$17.40/12 ounces,El Salvador.,$17.40 ,12 ounces,17.4,12,1.45,63,82,
Ethiopia Yirgacheffe Kochere G1,94,"Seattle, Washington","Yirgacheffe growing region, southern Ethiopia.",Medium-Light,58/75,$11.00/8 ounces,southern Ethiopia.,$11.00 ,8 ounces,11,8,1.375,58,75,
Ethiopia Yirgacheffe Kochere Grade 1,94,"Sacramento, California","Yirgacheffe growing region, southern Ethiopia.",Medium-Light,58/74,$15.50/12 ounces,southern Ethiopia.,$15.50 ,12 ounces,15.5,12,1.291666667,58,74,
Momma Bear Espresso,94,"Peoria, Illinois","Huehuetenango growing region, Guatemala; Sidamo growing region, Ethiopia.",Medium-Light,56/76,$17.00/12 ounces,Ethiopia.,$17.00 ,12 ounces,17,12,1.416666667,56,76,
Tano Batak Sumatra,94,"Madison, Wisconsin","Lintong growing region, northern Sumatra, Indonesia.",Medium-Light,54/73,$13.99/12 ounces,Indonesia.,$13.99 ,12 ounces,13.99,12,1.165833333,54,73,
Lintong Sumatra Dolok Sangul,94,"Seattle, Washington","Lintong growing region, northern Sumatra, Indonesia.",Medium-Light,54/77,$16.50/12 ounces,Indonesia.,$16.50 ,12 ounces,16.5,12,1.375,54,77,
Kemgin Ethiopia,94,"Anchorage, Alaska","Nekempte District, Oromia Region, western Ethiopia.",Medium,51/62,$19.50/16 ounces,western Ethiopia.,$19.50 ,16 ounces,19.5,16,1.21875,51,62,
Deri Kochoha Ethiopian Sidamo,94,"Madison, Wisconsin","Sidamo (also Sidama) growing region, southern Ethiopia.",Medium-Light,57/72,$14.99/12 ounces,southern Ethiopia.,$14.99 ,12 ounces,14.99,12,1.249166667,57,72,
Kenya AA Top Lot A114,94,"Taoyuan City, Taiwan",Central Kenya.,Medium,49/62,NT $1600/16 ounces,Central Kenya.,NT $1600,16 ounces,1600,16,100,49,62,
Ethiopia Kercha Naturally Processed Sidama,94,"Calgary, Alberta, Canada","Sidama (also Sidamo) growing region, southern Ethiopia.",Light,64/81,CAD $17.78/12 ounces,southern Ethiopia.,CAD $17.78,12 ounces,17.78,12,1.481666667,64,81,
Nyala Kenya Peaberry,94,"Madison, Wisconsin",Central Kenya.,Medium-Light,55/68,$14.99/12 ounces,Central Kenya.,$14.99 ,12 ounces,14.99,12,1.249166667,55,68,
Hawaii Ka’u Isla,94,"Ramsey, Minnesota","Ka'u growing district, Big Island of Hawaii",Medium-Light,57/75,$32.95/12 ounces,Big Island of Hawaii,$32.95 ,12 ounces,32.95,12,2.745833333,57,75,
Mexico Finca Kassandra Pacamara,94,"Berlin, Massachusetts","Vera Cruz growing region, Mexico.",Medium-Light,55/68,$17.00/12 ounces,Mexico.,$17.00 ,12 ounces,17,12,1.416666667,55,68,
Honeyed Yellow Caturra,94,"Mountain View, Hawaii","Puna District, ""Big Island"" of Hawaii",Medium,52/60,$20.00/6 ounces,"""Big Island"" of Hawaii",$20.00 ,6 ounces,20,6,3.333333333,52,60,
Kenya Ruira Mchana Estate,94,"Newport Beach, California","Ruiru growing region, central Kenya.",Medium,51/55,$15.50/12 ounces,central Kenya.,$15.50 ,12 ounces,15.5,12,1.291666667,51,55,
Panama Auromar Estate “Ironman” Geisha,94,"Topeka, Kansas","Boquete growing region, western Panama",Medium-Light,56/82,$52.99/8 ounces,western Panama,$52.99 ,8 ounces,52.99,8,6.62375,56,82,
Ethiopia Yirgacheffe,94,"Portland, Oregon","Yirgacheffe growing region, southern Ethiopia.",Light,59/84,$15.00/12 ounces,southern Ethiopia.,$15.00 ,12 ounces,15,12,1.25,59,84,
Ethiopia Sidama Deri Kochoha,94,"Bedford, New Hampshire","Sidamo (also Sidama) growing region, southern Ethiopia.",Medium,52/66,$13.50/12 ounces,southern Ethiopia.,$13.50 ,12 ounces,13.5,12,1.125,52,66,
Perci N2 Ninety Plus Gesha Estates Panama,94,"Seoul, Korea","Silla Del Pando, Volcan, Panama.",Medium-Light,58/71,"KRW 35,000/100 grams",Panama.,"KRW 35,000",100 grams,35000,3.527399072,9922.325,58,71,
Batista Natural Geisha,94,"Kaohsiung City, Taiwan","Volcan growing region, western Panama.",Light,65/84,NT $1900/8 ounces,western Panama.,NT $1900,8 ounces,1900,8,237.5,65,84,
Panama Finca Santa Teresa Honey Geisha,94,"I-Lan City, Taiwan","Volcan growing region, western Panama.",Medium,55/66,NT $2800/8 ounces,western Panama.,NT $2800,8 ounces,2800,8,350,55,66,
Kenya Meru Kinjo Peaberry,94,"Madison, Wisconsin.","Meru County, central Kenya.",Medium-Light,54/72,$19.99/12 ounces,central Kenya.,$19.99 ,12 ounces,19.99,12,1.665833333,54,72,
Rusty’s Hawaiian Red Caturra Natural,94,"Branford, Connecticut","Ka'u growing district, southwestern corner of the ""Big Island"" of Hawaii.",Medium,55/64,$44.99/16 ounces,"southwestern corner of the ""Big Island"" of Hawaii.",$44.99 ,16 ounces,44.99,16,2.811875,55,64,
Flight Seasonal Espresso,94,"Floyd, Virginia",Ethiopia,Medium-Light,56/80,$14.49/12 ounces,Ethiopia,$14.49 ,12 ounces,14.49,12,1.2075,56,80,
Guatemala El Diamante,94,"Sacramento, California","San Pedro Necta, Huehuetenango growing region, Guatemala.",Medium-Light,53/70,$15.50/12 ounces,Guatemala.,$15.50 ,12 ounces,15.5,12,1.291666667,53,70,
Nicaragua SHG,94,"Columbus, Ohio","Matagalpa and Jinotega growing regions, Nicaragua",Medium,50/61,$16.00/16 ounces,Nicaragua,$16.00 ,16 ounces,16,16,1,50,61,
El Salvador La Montana Pacamara,94,"Sioux Falls, South Dakota","Chalatenango Department, El Salvador",Medium,55/61,$15.75/12 ounces,El Salvador,$15.75 ,12 ounces,15.75,12,1.3125,55,61,
Extra Fancy Kona Coffee Medium Roast,94,"Holualoa, Hawaii","Holualoa, North Kona growing district, Hawaii.",Medium-Light,55/71,$39.95/16 ounces,Hawaii.,$39.95 ,16 ounces,39.95,16,2.496875,55,71,
Kenya Ndiara,94,"Acton, Massachusetts","Kirinyaga region, south-central Kenya",Medium,52/68,$18.50/12 ounces,south-central Kenya,$18.50 ,12 ounces,18.5,12,1.541666667,52,68,
Bolivia Caranavi Cenaproc Co-op,94,"Seattle, Washington","Caranavi growing region, Bolivia.",Medium-Dark,43/55,$9.50/8 ounces (227 grams),Bolivia.,$9.50 ,8 ounces (227 grams),9.5,290.1991217,0.032736143,43,55,
Ethiopia Yirgacheffe Addis Ketema North Italian Espresso Roast,94,"Acton, Massachusetts","Yirgacheffe growing region, southern Ethiopia.",Medium,50/59,$16.00/12 ounces,southern Ethiopia.,$16.00 ,12 ounces,16,12,1.333333333,50,59,
El Patron Nicaragua Espresso,94,"London, Ontario, Canada",Nicaragua.,Medium-Dark,46/53,CAD $13.00/16 ounces (454 grams),Nicaragua.,CAD $13.00,16 ounces (454 grams),13,580.3982434,0.022398414,46,53,
Ibonia Kenya Peaberry,94,"Portland, Oregon","Kiambu District, Kenya.",Medium,51/69,$15.00/250 grams (8.8 oz),Kenya.,$15.00 ,250 grams (8.8 oz),15,884.9538793,0.016950036,51,69,
Panama Gesha 2011,94,"Lee, Massachusetts","Volcán growing region, west and southwest of Volcán Barú, western Panama.",Medium,53/68,$49.95/16 ounces,western Panama.,$49.95 ,16 ounces,49.95,16,3.121875,53,68,
Sumatra Lake Tawar,94,"La Jolla, California","Aceh Province, northern Sumatra, Indonesia.",Medium,49/56,$15.75/12 ounces,Indonesia.,$15.75 ,12 ounces,15.75,12,1.3125,49,56,
Honduras David Mancia,94,"Portland, Oregon","Santa Barbara Department, Honduras.",Medium-Light,57/73,$10.50/250 grams (8.8 ounces),Honduras.,$10.50 ,250 grams (8.8 ounces),10.5,884.9538793,0.011865025,57,73,
Kenya Kirinyaga Kii Peaberry Espresso,94,"Madison, Wisconsin",South-central Kenya.,Medium-Dark,37/49,$13.95/12 ounces,South-central Kenya.,$13.95 ,12 ounces,13.95,12,1.1625,37,49,
Kenya AA Kiaora Estate Full City Roast,94,"Hudson, New York","Kirinyaga District, Central Highlands, Kenya.",Medium,47/56,$17.00/16 ounces,Kenya.,$17.00 ,16 ounces,17,16,1.0625,47,56,
Kenya Giakanja,94,"Upland, California","Nyeri County, Central Highlands, Kenya.",Medium-Light,51/75,$22.95/12 ounces,Kenya.,$22.95 ,12 ounces,22.95,12,1.9125,51,75,
Ethiopia Sidamo Guji,94,"Lexington, Virginia","Sidama growing region, Ethiopia.",Medium-Light,57/81,$12.50/12 ounces,Ethiopia.,$12.50 ,12 ounces,12.5,12,1.041666667,57,81,
Panama Elida Estate Natural Process,94,"Seattle, Washington","Alto Quiel, Boquete, Panama.",Medium-Light,52/76,$14.00/12 ounces,Panama.,$14.00 ,12 ounces,14,12,1.166666667,52,76,
El Salvador Nombre de Dios,94,"Seattle, Washington","Chalatenango, El Salvador",Medium-Light,53/73,$14.00/12 ounces,El Salvador,$14.00 ,12 ounces,14,12,1.166666667,53,73,
Ethiopia Harrar,94,"Crystal Lake, Illinois","Harrar region of eastern Ethiopia; east Java, Indonesia.",Medium,48/70,$15.40/12 ounces,Indonesia.,$15.40 ,12 ounces,15.4,12,1.283333333,48,70,
Honey Pot Espresso,94,"Seattle, Washington","Alto Quiel, Boquete, Panama.",Medium-Light,55/74,$16.00/12 ounces,Panama.,$16.00 ,12 ounces,16,12,1.333333333,55,74,
Stars of Formosa Blend,94,"Taipei, Taiwan",Not disclosed.,Medium-Light,54/78,NT$600/8 ounces,Not disclosed.,NT$600,8 ounces,600,8,75,54,78,
Hawaii Isla Kona Mauka,94,"Topeka, Kansas","Kona growing region, ""Big Island"" of Hawaii.",Medium-Light,53/71,$45.19/12 ounces,"""Big Island"" of Hawaii.",$45.19 ,12 ounces,45.19,12,3.765833333,53,71,
People’s Daily Espresso,94,"Richmond Hill, Ontario, Canada",Brazil; Ethiopia; El Salvador,Medium,48/57,CAD $12.00/12 ounces,Brazil; Ethiopia; El Salvador,CAD $12.00,12 ounces,12,12,1,48,57,
Ethiopia Yirgacheffe,94,"Ramsey, Minnesota","Yirgacheffe growing region, southern Ethiopia.",Medium-Light,59/82,$13 / 12 ounces,southern Ethiopia.,$13 , 12 ounces,13,12,1.083333333,59,82,
Sumatra Lake Tawar,94,"Olympia, Washington","Lake Tawar basin, Aceh Province, northern Sumatra, Indonesia",Medium,46/60,$14.50 / 16 ounces,Indonesia,$14.50 , 16 ounces,14.5,16,0.90625,46,60,
Ethiopia Yirga Cheffe Koke Espresso,94,"Portland, Oregon","Yirgacheffe growing region, southern Ethiopia.",Medium-Light,53/72,$18.50 / 500 g. (17.6 ounces),southern Ethiopia.,$18.50 , 500 g. (17.6 ounces),18.5,500176,3.70E-05,53,72,
Tanzanian Songea Peaberry,94,"Calgary, Alberta, Canada","Ruvuma growing region, southwestern Tanzania.",Medium,47/62,CAD $35.20/32 ounces,southwestern Tanzania.,CAD $35.20,32 ounces,35.2,32,1.1,47,62,
Sumatra Aceh Pondok,94,"Madison, Wisconsin","Aceh Province, northern Sumatra, Indonesia.",Medium-Light,58/83,$11.95/12 ounces,Indonesia.,$11.95 ,12 ounces,11.95,12,0.995833333,58,83,
Ethiopia Nekisse Espresso,94,"Sioux Falls, South Dakota","Sidamo growing region, southern Ethiopia.",Medium,48/56,$37.95/12 ounces,southern Ethiopia.,$37.95 ,12 ounces,37.95,12,3.1625,48,56,
Panama La Esmeralda Especial Mario San Jose,94,"La Jolla, California","Boquete growing region, western Panama",Medium,49/62,$28.00/8 ounces,western Panama,$28.00 ,8 ounces,28,8,3.5,49,62,
Panama Esmeralda Mario Carnival,94,"Ramsey, Minnesota","Boquete growing region, western Panama",Medium,52/68,$43.95/10 ounces,western Panama,$43.95 ,10 ounces,43.95,10,4.395,52,68,
El Salvador Pacamara Finca Los Alpes Tierra Fertil,94,"Madison, Wisconsin",Northwestern El Salvador,Medium-Light,56/69,$11.95/12 ounces,Northwestern El Salvador,$11.95 ,12 ounces,11.95,12,0.995833333,56,69,
Kenya Peaberry Kirinyaga Kii,94,"Madison, Wisconsin",South-central Kenya.,Medium-Light,49/73,$14.95/12 ounces,South-central Kenya.,$14.95 ,12 ounces,14.95,12,1.245833333,49,73,
Kenya Bourbon French Mission,94,"Taipei, Taiwan",Kenya,Medium-Light,55/83,NT$600/8 ounces,Kenya,NT$600,8 ounces,600,8,75,55,83,
Resiprocate Verita Espresso,94,"Richmond, British Columbia, Canada",Not disclosed.,Medium-Dark,40/49,CAD $44.07/1 kg. (2.2 lbs.),Not disclosed.,CAD $44.07,1 kg. (2.2 lbs.),44.07,35.27,1.249503828,40,49,
Honduras Fernandez Farm,94,"Brooklyn, New York","Santa Barbara Department, Honduras.",Medium-Light,54/73,$18.00/8 ounces,Honduras.,$18.00 ,8 ounces,18,8,2.25,54,73,
El Salvador Pacamara Finca Los Alpes The Bank,94,"Madison, Wisconsin",Northwestern El Salvador,Medium-Light,58/78,$14.95/12 ounces,Northwestern El Salvador,$14.95 ,12 ounces,14.95,12,1.245833333,58,78,
Twisted 3.0 Espresso,94,"Madison, Wisconsin",Not disclosed.,Medium,50/60,$15.75/12 ounces,Not disclosed.,$15.75 ,12 ounces,15.75,12,1.3125,50,60,
"Colombia Finca Monte Verde, Gildardo Gutierrez",94,"San Francisco, California","Herrera, Tolima Department, west-central Colombia.",Medium-Light,58/73,$19.50/12 ounces,west-central Colombia.,$19.50 ,12 ounces,19.5,12,1.625,58,73,
Colombia Cerro Azul Enano,94,"San Rafael, California","Valle del Cauca growing region, Colombia.",Medium-Light,60/79,$15.35/12 ounces,Colombia.,$15.35 ,12 ounces,15.35,12,1.279166667,60,79,
Ethiopia Yirga Natural Bedhatu,94,"Chia-Yi, Taiwan","Gedeo Zone, Yirgacheffe growing region, southern Ethiopia.",Light,65/90,$23.00/16 ounces,southern Ethiopia.,$23.00 ,16 ounces,23,16,1.4375,65,90,
Ethiopia Natural Sidamo Guji Shakisso,94,"Chia-Yi, Taiwan","Sidama (also Sidamo) growing region, southern Ethiopia",Medium-Light,53/81,NT $500/16 ounces,southern Ethiopia,NT $500,16 ounces,500,16,31.25,53,81,
El Aguila Pacamara Espresso,94,"Santa Ana growing region, El Salvador","Santa Ana growing region, El Salvador",Medium-Light,60/80,$15.75/12 ounces,El Salvador,$15.75 ,12 ounces,15.75,12,1.3125,60,80,
100% Kona Bourbon Pointu Laurina,94,"Holulaloa, Hawaii","Holualoa, North Kona growing district, “Big Island” of Hawaii",Medium-Light,56/78,$34.95/8 ounces,“Big Island” of Hawaii,$34.95 ,8 ounces,34.95,8,4.36875,56,78,
Love Shack (Kenya),94,"Post Falls, Idaho",Kenya,Medium-Light,54/78,$17.50/12 ounces,Kenya,$17.50 ,12 ounces,17.5,12,1.458333333,54,78,
Organic Ethiopia Aramo Natural,94,"Driftless, Wisconsin","Yirgacheffe growing region, southern Ethiopia",Light,64/84,$17.75/12 ounces,southern Ethiopia,$17.75 ,12 ounces,17.75,12,1.479166667,64,84,
Kenya Othaya Peaberry,94,"New Orleans, Louisiana","Nyeri growing region, central Kenya",Medium-Light,55/80,$14.75/12 ounces,central Kenya,$14.75 ,12 ounces,14.75,12,1.229166667,55,80,
Ecuador Juan Peña,94,"San Francisco, California","Saraguru growing region, southern Ecuador",Light,64/78,$20.00/250 grams,southern Ecuador,$20.00 ,250 grams,20,8.818497681,2.26796,64,78,
Drima Zede Ethiopia,94,"Suzhou, China","Yirgacheffe growing region, southern Ethiopia",Medium-Light,57/82,CNY $90/227 grams,southern Ethiopia,CNY $90,227 grams,90,8.007195894,11.23988987,57,82,
Bean Brain Reserve Suke Quto Ethiopia Sidamo Espresso,94,"San Diego, California","Guji Zone, Oromia Region, Sidamo growing region, south-central Ethiopia",Medium-Light,60/80,$19.00/12 ounces,south-central Ethiopia,$19.00 ,12 ounces,19,12,1.583333333,60,80,
Competition Blend,94,"Floyd, Virginia","Yirgacheffe growing region, southern Ethiopia",Light,62/84,$16.99/12 ounces,southern Ethiopia,$16.99 ,12 ounces,16.99,12,1.415833333,62,84,
SOPACDI Congo,94,"Lexington, Virginia","Kalehe, South Kivu Province, Democratic Republic of the Congo",Medium-Light,54/74,$17.95/12 ounces,Democratic Republic of the Congo,$17.95 ,12 ounces,17.95,12,1.495833333,54,74,
Harfusa Espresso,94,"Madison, Wisconsin","Yirgacheffe growing region, southern Ethiopia",Medium-Light,57/84,$17.80/12 ounces,southern Ethiopia,$17.80 ,12 ounces,17.8,12,1.483333333,57,84,
El Sitio Ecuador,94,"Lexington, Virginia","Pichincha growing region, northern Ecuador",Medium-Light,52/80,$18.95/12 ounces,northern Ecuador,$18.95 ,12 ounces,18.95,12,1.579166667,52,80,
Ethiopia Yirgacheffe Kebele Kochore,94,"San Diego, California","Yirgacheffe growing region, southern Ethiopia",Medium-Light,48/78,$28.00/16 ounces,southern Ethiopia,$28.00 ,16 ounces,28,16,1.75,48,78,
Kenya Nyeri Gatugi AA,94,"Chia-Yi, Taiwan","Nyeri growing region, south-central Kenya",Light,60/84,$500 NTD/16 ounces,south-central Kenya,$500 NTD,16 ounces,500,16,31.25,60,84,
Brazil Fazenda Passeio Natural,94,"Branford, Connecticut","Carmo de Minas growing region, Minas Gerais State, Brazil",Medium-Light,55/81,$13.99/16 ounces,Brazil,$13.99 ,16 ounces,13.99,16,0.874375,55,81,
Brazil Estancia Telese,94,"Billings, Montana","Mantiqueira de Minas growing region, Minas Gerais State, Brazil",Light,66/83,$13.25/12 ounces,Brazil,$13.25 ,12 ounces,13.25,12,1.104166667,66,83,
Laura’s Reserve SL-28,94,"Holulaloa, Hawaii","Holualoa, North Kona growing district, “Big Island” of Hawaii",Medium-Light,58/83,$39.95/8 ounces,“Big Island” of Hawaii,$39.95 ,8 ounces,39.95,8,4.99375,58,83,
Colombia San Adolfo,94,"Floyd, Virginia","San Adolfo, Acevedo, Huila Department, Colombia",Light,65/81,$17.00/12 ounces,Colombia,$17.00 ,12 ounces,17,12,1.416666667,65,81,
Adame Gorbota Ethiopia,94,"Madison, Wisconsin","Yirgacheffe growing region, south-central Ethiopia",Medium-Light,54/82,$17.50/12 ounces,south-central Ethiopia,$17.50 ,12 ounces,17.5,12,1.458333333,54,82,
Ethiopia Yirgacheffe Adado,94,"Bedford, New Hampshire","Yirgacheffe growing region, southern Ethiopia",Medium-Light,55/78,$15.50/12 ounces,southern Ethiopia,$15.50 ,12 ounces,15.5,12,1.291666667,55,78,
Kenya AA Nyeri Tambaya,94,"Floyd, Virginia","Nyeri growing region, south-central Kenya",Light,60/84,$15.49/12 ounces,south-central Kenya,$15.49 ,12 ounces,15.49,12,1.290833333,60,84,
Panama Boquete Kotowa Gesha Natural,94,"Torrington, Connecticut","Boquete growing region, western Panama",Light,64/84,$45.00/8 ounces,western Panama,$45.00 ,8 ounces,45,8,5.625,64,84,
Kenya Kigutha AA,94,"Lee, Massachusetts","Kiambu growing region, south-central Kenya.",Medium-Light,60/78,$17.95/12 ounces,south-central Kenya.,$17.95 ,12 ounces,17.95,12,1.495833333,60,78,
Costa Rica Alberto Guardia Venecia Honey,94,"Sacramento, California","Central Valley, Costa Rica",Light,63/85,$18.50/12 ounces,Costa Rica,$18.50 ,12 ounces,18.5,12,1.541666667,63,85,
La Lagunita El Salvador,94,"Madison, Wisconsin","Apaneca, El Salvador",Medium-Light,59/79,$18.75/12 ounces,El Salvador,$18.75 ,12 ounces,18.75,12,1.5625,59,79,
Panama La Esmeralda Bosque Lot 1 Gesha,94,"San Diego, California","Boquete growing region, western Panama",Light,64/85,$48.00/8 ounces,western Panama,$48.00 ,8 ounces,48,8,6,64,85,
Panama Finca Deborah Caturra Natural,94,"Sacramento, California","Chiriqui, Boquete growing region, western Panama",Light,65/88,$20.00/8 ounces,western Panama,$20.00 ,8 ounces,20,8,2.5,65,88,
El Aguila SL-28 El Salvador,94,"Madison, Wisconsin","Santa Ana growing region, El Salvador",Medium-Light,58/77,$18.75/12 ounces,El Salvador,$18.75 ,12 ounces,18.75,12,1.5625,58,77,
Panama Finca Auromar Camilina Natural,94,"Branford, Connecticut","Piedra Candela, Chiriqui Province, western Panama",Light,66/90,$50.00/8 ounces,western Panama,$50.00 ,8 ounces,50,8,6.25,66,90,
Holiday Blend,94,"Olympia, Washington",Honduras; Kenya; Ethiopia,Medium-Light,59/70,$18.90/12 ounces,Honduras; Kenya; Ethiopia,$18.90 ,12 ounces,18.9,12,1.575,59,70,
Costa Rica Sumava Natural Lot,94,"Sacramento, California","Lourdes de Naranjo, West Valley, Costa Rica",Light,61/85,$20.00/250 grams,Costa Rica,$20.00 ,250 grams,20,8.818497681,2.26796,61,85,
Costa Rica Las Lajas Red Honey,94,"Floyd, Virginia","Sabanilla de Alajuela growing region, Costa Rica",Medium-Light,53/77,$16.49/12 ounces,Costa Rica,$16.49 ,12 ounces,16.49,12,1.374166667,53,77,
Kenya AA Lot-122 “Excalibur” Espresso,94,"Taoyuan City, Taiwan",Kenya,Medium-Dark,45/54,NT $900/8 ounces,Kenya,NT $900,8 ounces,900,8,112.5,45,54,
Sulawesi “Tanah Kebangkitan” Phoenix Special Espresso,94,"Taoyuan City, Taiwan","Toraja growing region, South Sulawesi, Indonesia",Medium-Dark,44/56,NT $700/8 ounces,Indonesia,NT $700,8 ounces,700,8,87.5,44,56,
Fully Washed Ethiopia Phoenix Special “Dr. Evil”,94,"Taoyuan City, Taiwan",Ethiopia,Medium,45/57,NT $700/8 ounces,Ethiopia,NT $700,8 ounces,700,8,87.5,45,57,
Ethiopia Natural Yirgacheffe Phoenix Special “King Solomon”,94,"Taoyuan City, Taiwan","Yirgacheffe growing region, southern Ethiopia; Sidama (also Sidamo) growing region, southern Ethiopia",Medium,48/60,NT $800/8 ounces,southern Ethiopia,NT $800,8 ounces,800,8,100,48,60,
Kenya Nyeri Thageini,94,"Belmar, New Jersey",South-central Kenya,Medium-Light,54/68,$18.00/12 ounces,South-central Kenya,$18.00 ,12 ounces,18,12,1.5,54,68,
Ethiopia Kochere Espresso Profile,94,"San Francisco, California","Yirgacheffe growing region, southern Ethiopia",Medium-Light,50/79,$18.00/320 grams,southern Ethiopia,$18.00 ,320 grams,18,11.28767703,1.594659375,50,79,
Ethiopia Hachira Natural Espresso,94,"San Francisco, California","Yirgacheffe growing region, southern Ethiopia",Light,62/87,$22.50/250 grams,southern Ethiopia,$22.50 ,250 grams,22.5,8.818497681,2.551455,62,87,
ASOPCAFA Colombia,94,"Madison, Wisconsin","Huila Department, southern Colombia",Medium-Light,60/77,$14.85/12 ounces,southern Colombia,$14.85 ,12 ounces,14.85,12,1.2375,60,77,
Ethiopia Yirgacheffe Goro,94,"Newtown, Sydney, Australia","Yirgacheffe growing region, south-central Ethiopia",Medium-Light,54/76,AUD $16.00/250 grams,south-central Ethiopia,AUD $16.00,250 grams,16,8.818497681,1.814368,54,76,
Cachajinas Guatemala Huehuetenango,94,"Lee, Massachusetts","Huehuetenango Department, Guatemala",Medium-Light,56/80,$17.95/12 ounces,Guatemala,$17.95 ,12 ounces,17.95,12,1.495833333,56,80,
Deri Kochoha Ethiopia,94,"Madison, Wisconsin","Sidama (also Sidamo) growing region, southern Ethiopia",Medium-Light,56/80,$16.80/12 ounces,southern Ethiopia,$16.80 ,12 ounces,16.8,12,1.4,56,80,
Panama Camilina Natural Geisha,94,"Los Angeles, California","Piedra Candela, Chiriqui Province, far western Panama",Medium-Light,58/78,$49.95/8 ounces,far western Panama,$49.95 ,8 ounces,49.95,8,6.24375,58,78,
Kibugu Kenya,94,"Lexington, Virginia","Kiambu County, south-central Kenya",Medium-Light,60/78,$17.95/12 ounces,south-central Kenya,$17.95 ,12 ounces,17.95,12,1.495833333,60,78,
Los Congos Pacamara Natural,94,"Boulder, Colorado","Nueva Segovia Department, Nicaragua",Medium-Light,60/76,$20.00/12 ounces,Nicaragua,$20.00 ,12 ounces,20,12,1.666666667,60,76,
Kenya Lenana,94,"Newport Beach, California",South-central Kenya,Medium,52/64,$16.25/12 ounces,South-central Kenya,$16.25 ,12 ounces,16.25,12,1.354166667,52,64,
Ethiopia Yirgacheffe,94,"San Francisco, California","Yirgacheffe growing region, southern Ethiopia",Light,63/84,$17.00/250 grams,southern Ethiopia,$17.00 ,250 grams,17,8.818497681,1.927766,63,84,
The Jungle,94,"Taoyuan City, Taiwan",Costa Rica; Mexico,Medium-Dark,43/52,NT $1000/16 ounces,Costa Rica; Mexico,NT $1000,16 ounces,1000,16,62.5,43,52,
Duncan Estate Panamanian Gesha,94,"Ashland, Oregon","Boquete growing region, western Panama",Light,66/82,$32.00/8 ounces,western Panama,$32.00 ,8 ounces,32,8,4,66,82,
Miami Winter Holiday Blend,94,"Miami, Florida",Ethiopia; Kenya,Light,62/84,$20.00/8 ounces,Ethiopia; Kenya,$20.00 ,8 ounces,20,8,2.5,62,84,
Kenya Nyeri Thageini Peaberry,94,"Seattle, Washington","Nyeri growing region, south-central Kenya",Medium-Light,52/71,$19.50/12 ounces,south-central Kenya,$19.50 ,12 ounces,19.5,12,1.625,52,71,
Ethiopia Natural Hambela Buku,94,"Chia-Yi, Taiwan","Hambela Wamena District, Guji Zone, Oromia Region, southern Ethiopia",Medium-Light,58/78,$19.00/16 ounces,southern Ethiopia,$19.00 ,16 ounces,19,16,1.1875,58,78,
Pacamara Finca Los Planes El Salvador,94,"Topeka, Kansas","Chalatenango, El Salvador",Medium-Light,55/78,$19.50/12 ounces,El Salvador,$19.50 ,12 ounces,19.5,12,1.625,55,78,
Bernachon High-Level Espresso,94,"New Taipei City, Taiwan","Brazil; Mandheling, Sumatra; Guatemala; Ethiopia",Medium,50/64,RMB $100.00/454 grams,Sumatra; Guatemala; Ethiopia,RMB $100.00,454 grams,100,16.01439179,6.24438326,50,64,
Ethiopia Queen Sheba Natural Yirgacheffe Phoenix Special,94,"Taoyuan City, Taiwan","Yirgacheffe growing region, southern Ethiopia",Medium-Light,54/76,NT $1500/16 ounces,southern Ethiopia,NT $1500,16 ounces,1500,16,93.75,54,76,
Papua New Guinea PB Kimel Estate,94,"St. Louis, MIssouri","Waghi Valley, Western Highlands Province, Papua New Guinea",Medium-Light,56/70,$17.49/16 ounces,Papua New Guinea,$17.49 ,16 ounces,17.49,16,1.093125,56,70,
Edgar Motta Colombia Pink Bourbon,94,"Denver, Colorado","San Adolfo, Acevedo, Huila Department, Colombia",Medium-Light,59/78,$19.00/12 ounces,Colombia,$19.00 ,12 ounces,19,12,1.583333333,59,78,
Kenya AA Gura Auction Lot,94,"Youngstown, Ohio",Central Kenya,Medium-Light,56/76,$12.75/10 ounces,Central Kenya,$12.75 ,10 ounces,12.75,10,1.275,56,76,
Ethiopia Guji Shakiso Danbi Uddo,94,"Phoenix, Arizona","Guji Zone, southern Ethiopia",Medium-Light,56/76,$18.00/12 ounces,southern Ethiopia,$18.00 ,12 ounces,18,12,1.5,56,76,
Aricha Yirgacheffe Ethiopia,94,"Lee, Massachusetts","Yirgacheffe growing region, southern Ethiopia",Medium-Light,58/82,$19.95/12 ounces,southern Ethiopia,$19.95 ,12 ounces,19.95,12,1.6625,58,82,
"Gesha, Gesha Village 1931",94,"Charlottesville, Virginia","Bench-Maji Zone, Southern Ethiopia",Medium-Light,56/77,$88.00/8 ounces,Southern Ethiopia,$88.00 ,8 ounces,88,8,11,56,77,
Granja La Esperanza Colombia,94,"Chicago, Illinois","Valle del Cauca growing region, Colombia",Medium-Light,56/78,$24.00/12 ounces,Colombia,$24.00 ,12 ounces,24,12,2,56,78,
Gichichi Peaberry Kenya,94,"Tulsa, Oklahoma","Nyeri growing region, south-central Kenya",Medium-Light,57/77,$15.99/12 ounces,south-central Kenya,$15.99 ,12 ounces,15.99,12,1.3325,57,77,
ManLao River Ethiopia Yirgacheffe Dry Process Gedeb Asasa,94,"Pu'Er Yunnan Province, China","Gedeb District, Yirgacheffe growing region, southern Ethiopia",Medium-Light,54/78,RMB $75.00/150 grams,southern Ethiopia,RMB $75.00,150 grams,75,5.291098608,14.17475,54,78,
Kenya Nyeri Gathugu,94,"Burlington, Vermont","Nyeri growing region, south-central Kenya",Medium-Light,54/75,$15.00/12 ounces,south-central Kenya,$15.00 ,12 ounces,15,12,1.25,54,75,
Ardi Ethiopia Natural,94,"Tulsa, Oklahoma","Sidama (also Sidamo) growing region, southern Ethiopia",Medium-Light,54/79,$15.99/12 ounces,southern Ethiopia,$15.99 ,12 ounces,15.99,12,1.3325,54,79,
Amaro Gayo Natural Ethiopia,94,"Sacramento, California","Amaro Mountains, Sidama (also Sidamo) growing area, southern Ethiopia",Light,58/90,$17.95/12 ounces,southern Ethiopia,$17.95 ,12 ounces,17.95,12,1.495833333,58,90,
Sumatra Lintong Mutu Batak,94,"Los Angeles, California","Lintong growing region, North Sumatra Province, Indonesia",Medium-Light,54/74,$14.50/12 ounces,Indonesia,$14.50 ,12 ounces,14.5,12,1.208333333,54,74,
Sumatra Black Panther,94,"Yongin-Si, South Korea","Pondok, Aceh Province, northern Sumatra, Indonesia",Medium,50/69,"KRW $10,000/250 grams",Indonesia,"KRW $10,000",250 grams,10000,8.818497681,1133.98,50,69,
Ethiopia Yirgacheffe YCFCU Idido,94,"YiLan, Taiwan","Yirgacheffe growing region, southern Ethiopia",Medium-Light,52/76,NT $580/227 grams,southern Ethiopia,NT $580,227 grams,580,8.007195894,72.43484581,52,76,
Ethiopia Limu Natural No. 701,94,"Tequesta, Florida","Limu Woreda, southwest Ethiopia",Medium-Light,57/80,$16.50/12 ounces,southwest Ethiopia,$16.50 ,12 ounces,16.5,12,1.375,57,80,
Passport Collection Kenya Ichamara,94,"Tequesta, Florida","Nyeri growing region, south-central Kenya",Medium-Light,54/73,$16.00/12 ounces,south-central Kenya,$16.00 ,12 ounces,16,12,1.333333333,54,73,
Ethiopia Yirgacheffe Chelelektu,94,"Taichung City, Taiwan","Yirgacheffe growing region, south-central Ethiopia",Light,69/84,NT $5800/8 ounces,south-central Ethiopia,NT $5800,8 ounces,5800,8,725,69,84,
Ethiopia Hambela Washed,94,"Floyd, Virginia","Hambela Wamena District, Guji Zone, Oromia Region, southern Ethiopia",Light,65/78,$16.00/12 ounces,southern Ethiopia,$16.00 ,12 ounces,16,12,1.333333333,65,78,
Panama Finca Mama Cata Microlot Tona,94,"Topeka, Kansas","Alto Quiel, Boquete growing region, western Panama",Light,58/84,$22.50/12 ounces,western Panama,$22.50 ,12 ounces,22.5,12,1.875,58,84,
Indonesia Sumatra Tano Batak,94,"San Diego, California","Lintong growing region, northern Sumatra, Indonesia",Medium-Light,52/74,$20.99/12 ounces,Indonesia,$20.99 ,12 ounces,20.99,12,1.749166667,52,74,
Elida Natural Dragonfly Lot,94,"Boulder, Colorado","Boquete growing region, western Panama",Medium-Light,55/75,$18.00/12 ounces,western Panama,$18.00 ,12 ounces,18,12,1.5,55,75,
Ethiopia Gedeb Natural,94,"Fort Lauderdale, Florida","Yirgacheffe growing region, southern Ethiopia",Medium-Light,58/77,$17.00/12 ounces,southern Ethiopia,$17.00 ,12 ounces,17,12,1.416666667,58,77,
Kenya Karatu,94,"Austin, Texas","Thika growing region, central Kenya",Medium-Light,57/78,$18.00/12 ounces,central Kenya,$18.00 ,12 ounces,18,12,1.5,57,78,
Ethiopia Natural Yirgacheffe Gedeb G1 Lot 118,94,"Chia-Yi, Taiwan","Yirgacheffe growing region, southern Ethiopia",Medium-Light,58/80,$21.00/16 ounces,southern Ethiopia,$21.00 ,16 ounces,21,16,1.3125,58,80,
P.R.O. Special Blended Coffee,94,"Taipei City, Taiwan",Panama; Brazil; Indonesia; Costa Rica,Medium-Dark,44/54,NT $1156/227 grams,Panama; Brazil; Indonesia; Costa Rica,NT $1156,227 grams,1156,8.007195894,144.370141,44,54,
Las Lajas Perla Negra Natural,94,"Denver, Colorado","Central Valley, Costa Rica",Medium-Light,52/70,$22.00/12 ounces,Costa Rica,$22.00 ,12 ounces,22,12,1.833333333,52,70,
Costa Rica Finca Chispirta,94,"Duluth, Minnesota","Central Valley, Costa Rica",Medium-Light,54/68,$25.00/8 ounces,Costa Rica,$25.00 ,8 ounces,25,8,3.125,54,68,
Organic Espresso,94,"San Diego, California",Not disclosed.,Medium,52/60,$15.00/12 ounces,Not disclosed.,$15.00 ,12 ounces,15,12,1.25,52,60,
Kemgin Ninety Plus,94,"Lee, Massachusetts","Wellega, Sidama and Yirgacheffe growing regions, southern and western Ethiopia",Medium-Light,52/72,$25.95/12 ounces,southern and western Ethiopia,$25.95 ,12 ounces,25.95,12,2.1625,52,72,
Ethiopia Nigusse Lemma,94,"Lee, Massachusetts","Limu growing region, western Ethiopia",Medium-Light,58/76,$16.95/12 ounces,western Ethiopia,$16.95 ,12 ounces,16.95,12,1.4125,58,76,
Organic Ethiopian Banko Natural,94,"Driftless, Wisconsin","Gedeo Zone, Yirgacheffe growing region, southern Ethiopia.",Medium-Light,59/75,$16.75/12 ounces,southern Ethiopia.,$16.75 ,12 ounces,16.75,12,1.395833333,59,75,
Yirgacheffe Aricha Natural G1,94,South Korea,"Yirgacheffe growing region, southern Ethiopia.",Medium-Light,59/74,"KRW$10,500/100 grams",southern Ethiopia.,"KRW$10,500",100 grams,10500,3.527399072,2976.6975,59,74,
Perci N2 L39,94,"Pu’Er, Yunnan Province, China","Silla Del Pando, Volcan, Panama.",Medium-Light,55/78,RMB 235/125 g,Panama.,RMB 235,125 g,235,4.41,53.28798186,55,78,
Kochoha Espresso,94,"Madison, Wisconsin","Sidamo (also Sidama) growing region, southern Ethiopia.",Medium-Light,56/72,$14.85/12 ounces,southern Ethiopia.,$14.85 ,12 ounces,14.85,12,1.2375,56,72,
Ethiopia Boke Natural Grade 1 Espresso,94,"Sacramento, California","Boke, Gamo Gofa Zone, Southern Ethiopia.",Medium-Light,56/66,$17.50/12 ounces,Southern Ethiopia.,$17.50 ,12 ounces,17.5,12,1.458333333,56,66,
Ethiopia Chele’ Lektu,94,"Jackson, MIssissippi","Yirgacheffe growing region, southern Ethiopia.",Medium,52/68,$14.00/12 ounces,southern Ethiopia.,$14.00 ,12 ounces,14,12,1.166666667,52,68,
Konga Natural Ethiopia,94,"Topeka, Kansas","Konga District, Yirgacheffe growing region, southern Ethiopia.",Light,62/84,$17.82/12 ounces,southern Ethiopia.,$17.82 ,12 ounces,17.82,12,1.485,62,84,
Kenya Nyeri,94,"San Luis Obispo, California","Nyeri County, Central Highlands, Kenya.",Medium,52/62,$18.00 / 12 ounces,Kenya.,$18.00 , 12 ounces,18,12,1.5,52,62,
Kenya Mathew Mugo,94,"Driftless, Wisconsin","Kirinyaga County, central Kenya",Medium-Light,61/79,$17.95/12 ounces,central Kenya,$17.95 ,12 ounces,17.95,12,1.495833333,61,79,
Panama Estate Reserve: Elida Estate Natural,94,"Boulder, Colorado","Boquete growing region, western Panama.",Medium-Light,58/80,$18.00/12 ounces,western Panama.,$18.00 ,12 ounces,18,12,1.5,58,80,
Kenya Kigwandi AA,94,"Los Angeles, California","Nyeri County, central Kenya.",Medium-Light,53/70,$19.95/12 ounces,central Kenya.,$19.95 ,12 ounces,19.95,12,1.6625,53,70,
Guatemala Acatenango Gesha,94,"Billings, Montana.","Acatenango growing region, Guatemala.",Light,72/87,$22.00/8 ounces,Guatemala.,$22.00 ,8 ounces,22,8,2.75,72,87,
Panama Duncan Natural Gesha,94,"Sacramento, California","El Salto, Boquete growing region, Panama.",Light,61/81,$47.00/8 ounces,Panama.,$47.00 ,8 ounces,47,8,5.875,61,81,
Nicaragua Pacamara Reserve Los Congos,94,"Sacramento, California","San Fernando, Nueva Segovia region, Nicaragua.",Medium-Light,56/73,$18.00/12 ounces,Nicaragua.,$18.00 ,12 ounces,18,12,1.5,56,73,
Seasonal Mini-Me Yirgacheffe Washed,94,"Kaohsiung City, Taiwan","Yirgacheffe growing region, southern Ethiopia.",Medium,52/68,NTD $1000/16 ounces,southern Ethiopia.,NTD $1000,16 ounces,1000,16,62.5,52,68,
Ethiopia Konga,94,"Lexington, Virginia","Konga District, Yirgacheffe growing region, southern Ethiopia.",Medium-Light,56/76,$16.95/12 ounces,southern Ethiopia.,$16.95 ,12 ounces,16.95,12,1.4125,56,76,
Ethiopia Yirgacheffe Gutiti,94,"Ramsey, Minnesota","Kochere, Yirgacheffe growing region, south-central Ethiopia.",Medium,52/69,$16.95/12 ounces,south-central Ethiopia.,$16.95 ,12 ounces,16.95,12,1.4125,52,69,
Nekisse Natural Process Ethiopia,94,"Lee, Massachusetts","Sidamo (also Sidama) growing region, southern Ethiopia.",Light,64/89,$30.95/12 ounces,southern Ethiopia.,$30.95 ,12 ounces,30.95,12,2.579166667,64,89,
Sumatra Tano Batak,94,Sacr,"Lintong growing region, northern Sumatra, Indonesia.",Medium,54/66,$17.50/12 ounces,Indonesia.,$17.50 ,12 ounces,17.5,12,1.458333333,54,66,
Byron’s Maracaturra Natural Nicaragua,94,"Fort Bragg, California","Matagalpa growing region, Nicaragua.",Light,64/80,$16.50/12 ounces,Nicaragua.,$16.50 ,12 ounces,16.5,12,1.375,64,80,
Kenya Muthonjo AA,94,"Bellingham, Washington",South-central Kenya.,Medium,49/64,$16.00/150 grams,South-central Kenya.,$16.00 ,150 grams,16,5.291098608,3.023946667,49,64,
Kenya Baragwi Kagongo Peaberry,94,"Bedford, New Hampshire",South-central Kenya.,Medium,49/71,$14.50/12 ounces,South-central Kenya.,$14.50 ,12 ounces,14.5,12,1.208333333,49,71,
Ethiopia Moplaco Yirgacheffe,94,"Taichung City, Taiwan","Yirgacheffe growing region, south-central Ethiopia.",Medium-Light,58/80,TWD $450/100 grams,south-central Ethiopia.,TWD $450,100 grams,450,3.527399072,127.57275,58,80,
Ethiopia Danch Meng,94,"Cambria, California","Yirgacheffe growing region, south-central Ethiopia.",Medium-Light,57/77,$19.50/12 ounces,south-central Ethiopia.,$19.50 ,12 ounces,19.5,12,1.625,57,77,
Celinga Ethiopia Espresso,94,"Madison, Wisconsin","Celinga Village, Yirgacheffe growing region, southern Ethiopia.",Medium-Light,57/73,$16.50/12 ounces,southern Ethiopia.,$16.50 ,12 ounces,16.5,12,1.375,57,73,
Ethiopia Sidama Ardi,94,"Santa Monica, California","Guji Zone, Sidama Province, southern Ethiopia.",Medium,52/61,$17.00/12 ounces,southern Ethiopia.,$17.00 ,12 ounces,17,12,1.416666667,52,61,
Papua New Guinea Kunjin,94,"San Jose, California","Wahgi Valley, Western Highlands, Papua New Guinea.",Light,64/82,$16.50/12 ounces,Papua New Guinea.,$16.50 ,12 ounces,16.5,12,1.375,64,82,
SO Espresso Brazil Fazenda Rainha Natural,94,"Ramsey, Minnesota","Mogiana Region, Minas Gerais State, Brazil.",Medium,54/66,$12.95/12 ounces,Brazil.,$12.95 ,12 ounces,12.95,12,1.079166667,54,66,
Ethiopia Yirgacheffe Kore Kochore,94,"Bedford, New Hampshire","Yirgacheffe growing region, south-central Ethiopia.",Medium-Light,59/76,$14.50/12 ounces,south-central Ethiopia.,$14.50 ,12 ounces,14.5,12,1.208333333,59,76,
Washed Yirgacheffe,94,"La Jolla, California","Kochere, Yirgacheffe growing region, south-central Ethiopia.",Medium-Light,54/76,$18.99/12 ounces,south-central Ethiopia.,$18.99 ,12 ounces,18.99,12,1.5825,54,76,
Panama Chiriqui Finca Santa Teresa Geisha,94,"Los Angeles, California","Volcan growing region, western Panama.",Light,72/87,$18.00/8 ounces,western Panama.,$18.00 ,8 ounces,18,8,2.25,72,87,
Kenya Kahiriga,94,"Redlands, California","Murang’a County, central Kenya.",Medium-Light,56/74,$18.50/12 ounces,central Kenya.,$18.50 ,12 ounces,18.5,12,1.541666667,56,74,
Ethiopia Semeon Abay N3,94,"Seoul, South Korea",Southern and/or western Ethiopia.,Light,62/87,"KRW 95,000/100 grams",Southern and/or western Ethiopia.,"KRW 95,000",100 grams,95000,3.527399072,26932.025,62,87,
Kii Kenya,94,"Madison, Wisconsin",South-central Kenya.,Medium-Light,58/73,$19.95/12 ounces,South-central Kenya.,$19.95 ,12 ounces,19.95,12,1.6625,58,73,
El Salvador Cerro Las Ranas Espresso,94,"Los Angeles, California","Apaneca, Ataco, El Salvador.",Medium-Dark,44/50,$15.95/12 ounces,El Salvador.,$15.95 ,12 ounces,15.95,12,1.329166667,44,50,
Panama NPGE Perci N2,94,"Seoul, South Korea","Silla Del Pando, Volcan, Panama.",Medium-Light,59/77,"KRW 50,000/200 grams",Panama.,"KRW 50,000",200 grams,50000,7.054798145,7087.375,59,77,
Costa Rica Flor de Santos Bourbon Natural,94,"Kowloon, Hong Kong, China","Tarrazu growing region, central Costa Rica.",Medium-Light,57/79,HK $178/200 grams,central Costa Rica.,HK $178,200 grams,178,7.054798145,25.231055,57,79,
Panama La Berlina Typica Natural,94,"Tainan City, Taiwan","Boquete growing region, western Panama.",Medium-Light,56/76,NT$ 480/8 ounces,western Panama.,NT$ 480,8 ounces,480,8,60,56,76,
Costa Rica Cerro San Luis Natural,94,"Sacramento, California","San Luis de Grecia, central Costa Rica.",Medium-Light,57/74,$17.90/12 ounces,central Costa Rica.,$17.90 ,12 ounces,17.9,12,1.491666667,57,74,
Kenya Karagoto,94,"Berkeley, California","Nyeri County, Central Highlands, Kenya.",Medium,54/66,$12.99/12 ounces,Kenya.,$12.99 ,12 ounces,12.99,12,1.0825,54,66,
Nicaragua Pacamara Reserve Los Congos,94,"Boulder, Colorado","San Fernando, Nueva Segovia region, Nicaragua.",Medium-Light,57/73,$18.00/12 ounces,Nicaragua.,$18.00 ,12 ounces,18,12,1.5,57,73,
Ichamama Kenya,94,"Madison, Wisconsin","Nyeri County, Central Highlands, Kenya",Medium-Light,56/74,$16.10/12 ounces,Kenya,$16.10 ,12 ounces,16.1,12,1.341666667,56,74,
Burundi Kayanza Province Mpanga Washing Station,94,"Seattle, Washington","Kayanza Province, northern Burundi.",Medium-Light,54/74,$21.00/12 ounces,northern Burundi.,$21.00 ,12 ounces,21,12,1.75,54,74,
Costa Rica Sonora Bourbon Natural,94,"Sacramento, California","Central Valley, Costa Rica.",Light,68/92,$19.00/12 ounces,Costa Rica.,$19.00 ,12 ounces,19,12,1.583333333,68,92,
Colombia Special Process Microlot 511 “Memory Orchard” Espresso,94,"Taoyuan City, Taiwan",Colombia,Medium,47/56,"NT $2,000/16 ounces",Colombia,"NT $2,000",16 ounces,2000,16,125,47,56,
Ace Espresso,94,"Toronto, Ontario, Canada",Kenya; Brazil.,Medium-Light,55/72,$16.00/16 ounces,Kenya; Brazil.,$16.00 ,16 ounces,16,16,1,55,72,
Ethiopia Aricha,94,"Sacramento, California","Yirgacheffe growing region, southern Ethiopia.",Light,62/88,$24.00/16 ounces,southern Ethiopia.,$24.00 ,16 ounces,24,16,1.5,62,88,
Ethiopia Washed Limu Gera,94,"Chia-Yi, Taiwan","Limu Woreda, southwest Ethiopia.",Medium-Light,61/79,$17.00/16 ounces,southwest Ethiopia.,$17.00 ,16 ounces,17,16,1.0625,61,79,
El Salvador Finca Loma La Gloria,94,"La Jolla, California","El Boqueron, Volcan de San Salvador, El Salvador.",Light,78/99,$18.99/12 ounces,El Salvador.,$18.99 ,12 ounces,18.99,12,1.5825,78,99,
Yemen Haraaz Red A+,94,"Boulder, Colorado","Haraz (also spelled Haraaz) growing region, north-central Yemen",Medium-Light,54/74,$19.00/8 ounces,north-central Yemen,$19.00 ,8 ounces,19,8,2.375,54,74,
Ethiopia Yirgacheffe Dabub Matebya,94,"Bedford, New Hampshire","Yirgacheffe growing region, south-central Ethiopia.",Light,65/87,$15.00/12 ounces,south-central Ethiopia.,$15.00 ,12 ounces,15,12,1.25,65,87,
Black House,94,"San Diego, California","Oromia region, southern Ethiopia; Mandheling growing region, northern Sumatra, Indonesia.",Medium-Light,55/69,$14.00/12 ounces,Indonesia.,$14.00 ,12 ounces,14,12,1.166666667,55,69,
Sumatra Ulos Batak,94,"Sacramento, California","Lintong growing region, North Sumatra Province, Indonesia.",Medium-Light,54/70,$18.00/12 ounces,Indonesia.,$18.00 ,12 ounces,18,12,1.5,54,70,
S.O. Espresso Brazil Fazenda Santa Ines,94,"Ramsey, Minnesota","Carmo de Minas growing region, Minas Gerais State, Brazil.",Medium,47/60,$12.95/12 ounces,Brazil.,$12.95 ,12 ounces,12.95,12,1.079166667,47,60,
Golden Mean Espresso Blend,94,"Newport Beach, California",Not disclosed.,Medium,48/60,$14.95/12 ounces,Not disclosed.,$14.95 ,12 ounces,14.95,12,1.245833333,48,60,
Ethiopia Yirgacheffe Buna Ababa,94,"San Diego, California","Yirgacheffe growing region, southern Ethiopia.",Medium-Light,57/76,$15.00/8 ounces,southern Ethiopia.,$15.00 ,8 ounces,15,8,1.875,57,76,
Kenya AA Gakuyuri,94,"Jackson, Mississippi","Kirinyaga growing district, south-central Kenya.",Medium-Light,60/75,$15.25/12 ounces,south-central Kenya.,$15.25 ,12 ounces,15.25,12,1.270833333,60,75,
Ethiopia Hambela,94,"Lexington, Virginia","Hambela district, Oromia growing region, southern Ethiopia",Medium-Light,55/78,$18.95/12 ounces,southern Ethiopia,$18.95 ,12 ounces,18.95,12,1.579166667,55,78,
Ecuador “Mama Kilya” Espresso,94,"Taoyuan City, Taiwan",Ecuador.,Medium-Dark,44/50,"NT $2,000/16 ounces",Ecuador.,"NT $2,000",16 ounces,2000,16,125,44,50,
El Salvador Finca Medrano Pacamara Nohemi Ventura,94,"Seoul, South Korea","Chalatenango growing region, northwestern El Salvador",Light,62/87,"KRW 40,000/500 grams",northwestern El Salvador,"KRW 40,000",500 grams,40000,17.63699536,2267.96,62,87,
Kenya Kiambu Gititu AA,94,"Chia-Yi, Taiwan","Kiambu growing region, south-central Kenya",Medium-Light,55/75,NT $360/8 ounces,south-central Kenya,NT $360,8 ounces,360,8,45,55,75,
Espresso Blend,94,"Hsinchu City, Taiwan","Panama; Sidamo and Yirgacheffe growing regions, southern Ethiopia; Bolivia; Brazil.",Medium,52/68,NT $520/225 grams,southern Ethiopia; Bolivia; Brazil.,NT $520,225 grams,520,7.936647913,65.51884444,52,68,
Gratitude Special Blend,94,"Longwood, Florida",Central America.,Medium,46/64,$12.50/12 ounces,Central America.,$12.50 ,12 ounces,12.5,12,1.041666667,46,64,
Organic Ethiopian Worka Special Prep,94,"Driftless, Wisconsin","Yirgacheffe growing region, southern Ethiopia.",Light,60/83,$17.75/12 ounces,southern Ethiopia.,$17.75 ,12 ounces,17.75,12,1.479166667,60,83,
Panama Esmeralda Especial Geisha Bosque 2,94,"Sacramento, California","Boquete growing region, western Panama",Medium,50/65,$62.00/8 ounces,western Panama,$62.00 ,8 ounces,62,8,7.75,50,65,
Laura’s Reserve SL-28,94,"Holualoa, Hawaii","Holualoa, North Kona growing district, “Big Island” of Hawaii.",Medium,53/68,$35.95/8 ounces,“Big Island” of Hawaii.,$35.95 ,8 ounces,35.95,8,4.49375,53,68,
"Shilcho Ethiopia, Red Cherry Initiative",94,"San Diego, California","Sidamo (also Sidama) growing region, southern Ethiopia.",Medium,53/66,$17.00/12 ounces,southern Ethiopia.,$17.00 ,12 ounces,17,12,1.416666667,53,66,
Espresso Blend Spring 15,94,"New Taipei City, Taiwan",Ethiopia; Sumatra; Central America.,Medium,48/54,NT$290/8 ounces,Ethiopia; Sumatra; Central America.,NT$290,8 ounces,290,8,36.25,48,54,
Ethiopian Yirgacheffe Idido Natural,94,"Boulder, Colorado","Yirgacheffe growing region, southern Ethiopia.",Medium-Light,58/83,$18.00/12 ounces,southern Ethiopia.,$18.00 ,12 ounces,18,12,1.5,58,83,
Kenya Nyeri Tambaya Peaberry,94,"Seattle, Washington","Nyeri growing region, south-central Kenya.",Medium,49/65,$19.50/12 ounces,south-central Kenya.,$19.50 ,12 ounces,19.5,12,1.625,49,65,
Kenya Kianjuri AB,94,"Boulder, Colorado","Meru County, central Kenya.",Medium,53/68,$18.00/12 ounces,central Kenya.,$18.00 ,12 ounces,18,12,1.5,53,68,
Ethiopia Washed Yirgacheffe Alemu Station,94,"Chia-Yi, Taiwan","Yirgacheffe growing region, south-central Ethiopia.",Light,65/88,$18.00/16 ounces,south-central Ethiopia.,$18.00 ,16 ounces,18,16,1.125,65,88,
Jazz Apricot (Espresso),94,"Taipei, Taiwan","Sidamo and Yirgacheffe, Ethiopia; Kenya; Sumatra.",Medium,50/62,NTD $500/16 ounces,Ethiopia; Kenya; Sumatra.,NTD $500,16 ounces,500,16,31.25,50,62,
Sweet Maria’s Acatenango Gesha,94,"Pu’Er, Yunnan Province, China","Acatenango growing region, central Guatemala.",Medium-Light,60/74,RMB $234/125 grams,central Guatemala.,RMB $234,125 grams,234,4.40924884,53.070264,60,74,
Ari-Ari Seuri-Seuri,94,"Paju City (Gyeonggi-do), South Korea",Kenya; Ethiopia.,Medium-Light,56/72,$12.00/200 grams,Kenya; Ethiopia.,$12.00 ,200 grams,12,7.054798145,1.70097,56,72,
Milepost Kenya Nyeri Ruarai,94,"Floyd, Virginia","Nyeri growing region, south-central Kenya.",Medium-Light,58/81,$18.00/12 ounces,south-central Kenya.,$18.00 ,12 ounces,18,12,1.5,58,81,
Rum-Barrel Conditioned Ethiopia Gelena Abaya,94,"Highland Park, New Jersey","Kersa district, Oromia region, southern Ethiopia.",Light,65/85,$12.00/8 ounces,southern Ethiopia.,$12.00 ,8 ounces,12,8,1.5,65,85,
Colombia Granja La Esperanza Grand Cru Mokka,94,"Topeka, Kansas","Valle del Cauca growing region, Colombia.",Light,65/86,$27.50/12 ounces,Colombia.,$27.50 ,12 ounces,27.5,12,2.291666667,65,86,
Ethiopian Washed Kochere G1 SO Espresso,94,"Kaohsiung City, Taiwan","Kochere, Yirgacheffe growing region, south-central Ethiopia.",Medium,49/62,$12.00/16 ounces,south-central Ethiopia.,$12.00 ,16 ounces,12,16,0.75,49,62,
Sumatra Ulos Batak,94,"San Rafael, California","Lintong growing region, North Sumatra Province, Indonesia.",Medium-Light,56/70,$17.25/12 ounces,Indonesia.,$17.25 ,12 ounces,17.25,12,1.4375,56,70,
Sumatra Lake Toba Peaberry,94,"Yorktown Heights, New York","Lake Toba growing region, northern Sumatra, Indonesia.",Medium,47/65,$18.00/12 ounces,Indonesia.,$18.00 ,12 ounces,18,12,1.5,47,65,
Tchembe Gedeo Ethiopia,94,"Lee, Massachusetts","Gedeo Zone, southern Ethiopia.",Medium-Light,58/72,$30.95/12 ounces,southern Ethiopia.,$30.95 ,12 ounces,30.95,12,2.579166667,58,72,
Ninety Plus Gesha Estates JBC Custom Lot #252,94,"Madison, Wisconsin","Chiriqui Province, far western Panama",Medium-Light,55/74,$49.50/4 ounces,far western Panama,$49.50 ,4 ounces,49.5,4,12.375,55,74,
Colombia Java El Edén Limited Edition,94,"Columbus, Ohio","Tolima, Colombia",Medium-Light,58/80,$30.00/12 ounces,Colombia,$30.00 ,12 ounces,30,12,2.5,58,80,
Crystalina,94,"Carlsbad, California","Caldas growing region, Colombia",Medium-Light,60/78,$20.00/12 ounces,Colombia,$20.00 ,12 ounces,20,12,1.666666667,60,78,
Wilton Benitez Sidra,94,"Madison, Wisconsin","Piendamó, Cauca Department, Colombia",Medium-Light,58/74,$22.00/8 ounces,Colombia,$22.00 ,8 ounces,22,8,2.75,58,74,
Panama HWC Coffee Estate Washed,94,"Taichung, Taiwan",Panama,Medium-Light,59/73,$80.00/8 ounces,Panama,$80.00 ,8 ounces,80,8,10,59,73,
Costa Rica Tarrazu Double Anaerobic Washed,94,"Taipei, Taiwan","Tarrazu growing region, Costa Rica",Medium-Light,60/77,NT $450/8 ounces,Costa Rica,NT $450,8 ounces,450,8,56.25,60,77,
Kenya Nyeri Gatuya Factory AA Top,94,"Taipei, Taiwan","Nyeri growing region, south-central Kenya",Medium-Light,57/76,Nt $325/8 ounces,south-central Kenya,Nt $325,8 ounces,325,8,40.625,57,76,
Tanzania Nyasi Furaha,94,"Lexington, Virginia","Mbeya, Ruvuma Region, Tanzania",Medium-Light,62/74,$19.00/12 ounces,Tanzania,$19.00 ,12 ounces,19,12,1.583333333,62,74,
Ethiopia Gesha Rebecca Natural,94,"Yilan, Taiwan","Bench-Maji Zone, Southern Ethiopia",Medium-Light,61/74,NT $500/200 grams,Southern Ethiopia,NT $500,200 grams,500,7.054798145,70.87375,61,74,
Promise of Spring,94,"Taitung, Taiwan",Costa Rica; Ethiopia,Medium-Light,59/76,NT $450/200 grams,Costa Rica; Ethiopia,NT $450,200 grams,450,7.054798145,63.786375,59,76,
Ethiopia Yirgacheffe Farmgate,94,"Chicago, Illinois","Yirgacheffe growing region, southern Ethiopia",Medium-Light,59/75,$27.00/12 ounces,southern Ethiopia,$27.00 ,12 ounces,27,12,2.25,59,75,
Colombia Patio Bonita,94,"Chicago, Illinois","Caldono, Calda Department, Colombia",Light,64/80,$27.00/12 ounces,Colombia,$27.00 ,12 ounces,27,12,2.25,64,80,
Colombia Finca La Roca,94,"San Diego, California","Planadas, Tolima Department, Colombia",Medium-Light,60/77,$26.00/12 ounces,Colombia,$26.00 ,12 ounces,26,12,2.166666667,60,77,
Panama Finca Don Julian Geisha Washed,94,"Yilan, Taiwan","Boquete, Panama",Light,65/81,"NT $1,200/100 grams",Panama,"NT $1,200",100 grams,1200,3.527399072,340.194,65,81,
Ethiopia Bench Maji Gesha Winey Natural G1,94,"Taichung, Taiwan","Bench-Maji Zone, Southern Ethiopia",Medium-Light,60/77,NT $310/227 grams,Southern Ethiopia,NT $310,227 grams,310,8.007195894,38.71517621,60,77,
Colombia Huila Charlotte Geisha Washed,94,"Taipei, Taiwan","Huila Department, Colombia",Light,65/79,NT $450/8 ounces,Colombia,NT $450,8 ounces,450,8,56.25,65,79,
Ethiopia Natural Yirgacheffe Worka Nenke Abraham Mengiste,94,"Chia-Yi, Taiwan","Gedeo Zone, SNNPR, southern Ethiopia",Medium-Light,60/78,NT $290/8 ounces,southern Ethiopia,NT $290,8 ounces,290,8,36.25,60,78,
Ethiopia Natural Guji Blue Donkey 23,94,"Chia-Yi, Taiwan","Guji Zone, Oromia Region, southern Ethiopia",Medium-Light,58/76,NT $325/8 ounces,southern Ethiopia,NT $325,8 ounces,325,8,40.625,58,76,
Guatemala El Amate Maragogype,94,"Chicago, Illinois","El Aguacatal, Hoja Blanca, Cuilco, Huehuetenango, Guatemala",Medium-Light,60/76,$27.00/12 ounces,Guatemala,$27.00 ,12 ounces,27,12,2.25,60,76,
Hawai’i Island Blend Espresso,94,"Hilo, Hawaii","Ka‘ū and Kona growing regions, Big Island of Hawai’i",Medium-Light,52/70,$20.00/4 ounces,Big Island of Hawai’i,$20.00 ,4 ounces,20,4,5,52,70,
Costa Rica San Ramon Yeast Washed,94,"Zhubei, Taiwan","Tarrazu, Costa Rica",Light,63/79,NT $330/8 ounces,Costa Rica,NT $330,8 ounces,330,8,41.25,63,79,
Colombia Huila Espiritu Blanc Geisha Semi-Washed Anaerobic,94,"Taipei, Taiwan","Huila, Colombia",Medium-Light,63/71,NT $480/100 grams,Colombia,NT $480,100 grams,480,3.527399072,136.0776,63,71,
Tirra Natural Costa Rica,94,"Madison, Wisconsin","Tarrazú, Costa Rica",Medium-Light,59/77,$22.00/12 ounces,Costa Rica,$22.00 ,12 ounces,22,12,1.833333333,59,77,
Colombia Chili Bourbon,94,"Lee, Massachusetts","Circasia, Quindio, Colombia",Light,62/80,$33.45/12 ounces,Colombia,$33.45 ,12 ounces,33.45,12,2.7875,62,80,
Guatemala El Injerto Ethiopia Landrace Natural,94,"San Rafael, California","La Libertad, Huehuetenango Department, Guatemala",Medium-Light,57/74,$20.00/6 ounces,Guatemala,$20.00 ,6 ounces,20,6,3.333333333,57,74,
HWC Holy Melody Espresso Blend,94,"Taichung, Taiwan",Kenya; Ethiopia,Medium-Light,57/77,$40.00/8 ounces,Kenya; Ethiopia,$40.00 ,8 ounces,40,8,5,57,77,
Colombia Fruit Maceration Series Lulo Bear,94,"Jersey City, New Jersey","Armenia, Quindio Department, Colombia",Light,64/80,$30.00/250 grams,Colombia,$30.00 ,250 grams,30,8.818497681,3.40194,64,80,
Colombia Wilton Benitez Double Anaerobic Thermal Shock Yellow Gesha,94,"Jersey City, New Jersey","Piendamo, Cauca Department, Colombia",Light,62/80,$60.00/250 grams,Colombia,$60.00 ,250 grams,60,8.818497681,6.80388,62,80,
Colombia El Roble Chiroso Washed,94,"Yilan, Taiwan","Quindio Department, Colombia",Medium-Light,58/78,NT $650/200 grams,Colombia,NT $650,200 grams,650,7.054798145,92.135875,58,78,
Costa Rica Turrialba Volcano Honey Process,94,"Taipei, Taiwan","Turrialba, Costa Rica",Medium-Light,59/77,NT $325/8 ounces,Costa Rica,NT $325,8 ounces,325,8,40.625,59,77,
Ka‘ū Malolactic Natural,94,"Hilo, Big Island of Hawai’i","Ka‘ū growing region, Big Island of Hawai’i",Medium-Light,62/76,$40.00/4 ounces,Big Island of Hawai’i,$40.00 ,4 ounces,40,4,10,62,76,
Colombia Luz Helena Salazar Wine Yeast Grape Honey,94,"Yilan, Taiwan","Quindio Department, Colombia",Medium-Light,58/80,NT $700/200 grams,Colombia,NT $700,200 grams,700,7.054798145,99.22325,58,80,
Giakanja Kenya,94,"Madison, Wisconsin","Nyeri County, Kenya",Medium-Light,59/79,$25.00/12 ounces,Kenya,$25.00 ,12 ounces,25,12,2.083333333,59,79,
El Morito Guatemala,94,"Madison, Wisconsin","Mataquescuintla, Jalapa, Guatemala",Medium-Light,59/76,$19.00/8 ounces,Guatemala,$19.00 ,8 ounces,19,8,2.375,59,76,
El Mango Peru,94,"Madison, Wisconsin","San Ignacio, Cajamarca, Peru",Medium-Light,56/77,$19.00/12 ounces,Peru,$19.00 ,12 ounces,19,12,1.583333333,56,77,
Blue Sunda Estate Java,94,"Johns Creek, Georgia","West Java, Indonesia",Medium-Light,60/75,$19.00/12 ounces,Indonesia,$19.00 ,12 ounces,19,12,1.583333333,60,75,
Ethiopia Yirgacheffe Jade Lotus,94,"Taichung, Taiwan","Yirgacheffe growing region, south-central Ethiopia",Medium-Light,59/75,$20.00/8 ounces,south-central Ethiopia,$20.00 ,8 ounces,20,8,2.5,59,75,
Ethiopia Bench Maji Geisha Lucy Station,94,"Yilan, Taiwan","Bench-Maji Zone, Southern Ethiopia",Light,64/83,NT $600/200 grams,Southern Ethiopia,NT $600,200 grams,600,7.054798145,85.0485,64,83,
Kenya Kanwangi AA,94,"San Diego, California","Kirinyaga County, south-central Kenya",Medium-Light,59/80,$24.00/12 ounces,south-central Kenya,$24.00 ,12 ounces,24,12,2,59,80,
Colombia Huila Finca El Triunfo Martha Zuñiga Pink Bourbon,94,"Bozeman, Montana","Tolimas, Colombia",Medium-Light,58/74,$32.00/12 ounces,Colombia,$32.00 ,12 ounces,32,12,2.666666667,58,74,
Kenya Muranga,94,"Hsinchu, Taiwan","Embu County, Kenya",Medium-Dark,41/44,"NT $1,300/240 grams",Kenya,"NT $1,300",240 grams,1300,8.465757774,153.5597917,41,44,
More Floral,94,"Taoyuan, Taiwan","Guji Zone, Oromia Region, southern Ethiopia",Light,66/80,NT $300/8 ounces,southern Ethiopia,NT $300,8 ounces,300,8,37.5,66,80,
Kenya AB Athena Plus,94,"Taiyuan, Taiwan","Nyeri growing region, south-central Kenya",Dark,33/44,NT $800/8 ounces,south-central Kenya,NT $800,8 ounces,800,8,100,33,44,
Ethiopia Bench Maji Geisha Lucy Station Dark Roast,94,"Yilan, Taiwan","Bench Maji Zone, Southern Ethiopia",Medium-Dark,45/52,NT $600/200 grams,Southern Ethiopia,NT $600,200 grams,600,7.054798145,85.0485,45,52,
SL34 Dark Roast,94,"Holualoa, Hawai’i","Holualoa, North Kona growing district, “Big Island” of Hawai’i",Medium-Dark,48/52,$69.95/8 ounces,“Big Island” of Hawai’i,$69.95 ,8 ounces,69.95,8,8.74375,48,52,
Encounter of Summer,94,"Taitung, Taiwan",Costa Rica; Ethiopia,Light,62/80,NT $450/200 grams,Costa Rica; Ethiopia,NT $450,200 grams,450,7.054798145,63.786375,62,80,
Ethiopia Sidama Arbegona 74158 Washed,94,"Taichung, Taiwan","Sidamo growing region, south-central Ethiopia",Light,66/80,NT $240/227 grams,south-central Ethiopia,NT $240,227 grams,240,8.007195894,29.97303965,66,80,
Bale Mountain Natural Ethiopia,94,"Madison, Wisconsin","Werka, Guji Zone, Oromia Region, southern Ethiopia",Light,64/80,$23.00/12 ounces,southern Ethiopia,$23.00 ,12 ounces,23,12,1.916666667,64,80,
Ethiopia Worka Sakaro Anaerobic Natural,94,"Richmond, Virginia","Gedeb District, Gedeo Zone, southern Ethiopia",Medium-Light,62/78,$22.00/12 ounces,southern Ethiopia,$22.00 ,12 ounces,22,12,1.833333333,62,78,
El Salvador Bourbon Semi-Washed,94,"Livingston, Montana","Cordillera de Llamatepec, El Salvador",Medium-Light,58/72,$17.50/12 ounces,El Salvador,$17.50 ,12 ounces,17.5,12,1.458333333,58,72,
Ethiopia Kafa Natural,94,"San Diego, California","Bonga Forest, Keficho-Shekicho Zone, southwest Ethiopia",Light,65/79,$23.00/12 ounces,southwest Ethiopia,$23.00 ,12 ounces,23,12,1.916666667,65,79,
Ecuador La Josefina Estate,94,"Charlotte, North Carolina","El Chaco Canton, Parroquia Santa Rosa, Napo Province, Ecuador",Light,62/84,$25.00/12 ounces,Ecuador,$25.00 ,12 ounces,25,12,2.083333333,62,84,
Guatemala El Injerto SL28,94,"San Rafael, California","La Libertad, Huehuetenango Department, Guatemala",Medium-Light,62/79,$18.00/6 ounces,Guatemala,$18.00 ,6 ounces,18,6,3,62,79,
El Lechero Peru,94,"Madison, Wisconsin","El Carmen Cautivo, Tabaconas, Cajamarca, Peru",Medium-Light,59/77,$19.00/12 ounces,Peru,$19.00 ,12 ounces,19,12,1.583333333,59,77,
Colombia Finca La España Gesha,94,"Jersey City, New Jersey","Planadas, Tolima Department, Colombia",Light,64/84,$60.00/250 grams,Colombia,$60.00 ,250 grams,60,8.818497681,6.80388,64,84,
Colombia  Nariño Villa Maria La Chorrera Geisha Washed,94,"Taipei, Taiwan","Nariño Department, Colombia",Medium-Light,60/76,NT$710/227 grams,Colombia,NT$710,227 grams,710,8.007195894,88.67024229,60,76,
Nyeri Hill Kenya,94,"Madison, Wisconsin","Nyeri growing region, south-central Kenya",Medium-Light,56/74,$22.00/12 ounces,south-central Kenya,$22.00 ,12 ounces,22,12,1.833333333,56,74,
Cordillera de Fuego Costa Rica,94,"Madison, Wisconsin","Tarrazu, Costa Rica",Medium-Light,59/77,$18.00/8 ounces,Costa Rica,$18.00 ,8 ounces,18,8,2.25,59,77,
Colombia Jaime Lopez,94,"San Diego, California","Santa Barbara, Antioquia, Colombia",Light,62/82,$40.00/12 ounces,Colombia,$40.00 ,12 ounces,40,12,3.333333333,62,82,
Peach-C Blend,94,"Zhubei, Taiwan",Ethiopia; Colombia,Light,62/84,NT$ 366/8 ounces,Ethiopia; Colombia,NT$ 366,8 ounces,366,8,45.75,62,84,
Kenya Washed Uklili AA,94,"Chia-Yi, Taiwan","Nakuru County, Kenya",Light,64/86,NT$325/8 ounces,Kenya,NT$325,8 ounces,325,8,40.625,64,86,
Ethiopia Natural Sidama Twakok Pearl Selection,94,"Chia-Yi, Taiwan","Sidamo growing region, southern Ethiopia",Light,62/80,NT$300/8 ounces,southern Ethiopia,NT$300,8 ounces,300,8,37.5,62,80,
Costa Rica TIM Washed Don Eli Catuai,94,"Chia-Yi, Taiwan","Tarrazu, Costa Rica",Medium-Light,58/74,NT$270/4 ounces,Costa Rica,NT$270,4 ounces,270,4,67.5,58,74,
Peru Natural Villa Rica Espresso,94,"Chia-Yi, Taiwan","Oxapampa, Pasco, Peru",Medium-Light,58/78,NT$250/8 ounces,Peru,NT$250,8 ounces,250,8,31.25,58,78,
Colombia Huila Finca Buena Vista Geisha Washed,94,"Taipei, Taiwan","El Jardin, Pitalito, Huila Department, Colombia",Medium-Light,60/80,NT$650/227 grams,Colombia,NT$650,227 grams,650,8.007195894,81.17698238,60,80,
Kenya Kirinyaga County Gikirima Factory TOP PB,94,"Taipei, Taiwan","Embu County, Kenya",Medium-Light,60/78,NT$240/227 grams,Kenya,NT$240,227 grams,240,8.007195894,29.97303965,60,78,
Ethiopia Bensa Bombe,94,"Taipei, Taiwan","Bombe Village, Bensa District, Sidamo growing region, Ethiopia",Light,64/86,NT$200/8 ounces,Ethiopia,NT$200,8 ounces,200,8,25,64,86,
Good Tidings Sweet Holiday Blend,94,"Floyd, Virginia",Costa Rica; Ethiopia,Medium-Light,60/78,$22.00/12 ounces,Costa Rica; Ethiopia,$22.00 ,12 ounces,22,12,1.833333333,60,78,
Ethiopia Reko Yirgacheffe,94,"Sacramento, California","Yirgacheffe growing region, southern Ethiopia",Medium-Light,58/76,$24.50/12 ounces,southern Ethiopia,$24.50 ,12 ounces,24.5,12,2.041666667,58,76,
Black Geisha Blend Lab 18 Espresso,94,"Taichung, Taiwan",Guatemala; Colombia; Ethiopia,Medium,43/61,$40.00/8 ounces,Guatemala; Colombia; Ethiopia,$40.00 ,8 ounces,40,8,5,43,61,
Colombia Turron,94,"Fort Wayne, Indiana","Manizales, Caldas, Colombia",Medium-Light,58/78,$10.00/4 ounces (sold only as a two-pack),Colombia,$10.00 ,4 ounces (sold only as a two-pack),10,4,2.5,58,78,
100% Kona Typica,94,"Holualoa, Hawai’i","Kona growing region, Big Island of Hawai’i",Medium-Light,58/80,$27.95/7 ounces,Big Island of Hawai’i,$27.95 ,7 ounces,27.95,7,3.992857143,58,80,
Ka‘ū Classic Peaberry,94,"Pahala, “Big Island” of Hawai’i","Ka‘ū growing district, ""Big Island"" of Hawai’i",Medium-Light,58/74,$30.00/7 ounces,"""Big Island"" of Hawai’i",$30.00 ,7 ounces,30,7,4.285714286,58,74,
JN Farms Double Anaerobic Red Bourbon,94,"Kihei, Maui, Hawai’i","Ka‘ū growing region, Big Island of Hawai’i",Light,64/82,$32.00/8 ounces,Big Island of Hawai’i,$32.00 ,8 ounces,32,8,4,64,82,
Geisha Champagne,94,"Holualoa, Hawai’i","Holualoa, North Kona growing district, “Big Island” of Hawai’i",Medium-Light,58/77,$82.00/4 ounces,“Big Island” of Hawai’i,$82.00 ,4 ounces,82,4,20.5,58,77,
Yellow,94,"Billings, Montana","Yirgacheffe growing region, south-central Ethiopia",Light,74/100,$21.50/12 ounces,south-central Ethiopia,$21.50 ,12 ounces,21.5,12,1.791666667,74,100,
Panama Hacienda La Esmeralda Ethiopian Accessions,94,"Hilo, Hawaii","Boquete growing region, western Panama",Light,65/84,$40.00/4 ounces,western Panama,$40.00 ,4 ounces,40,4,10,65,84,
Ethiopia Ethiopia Limu Baby Geisha Natural,94,"Taitung, Taiwan","Guji Zone, Oromia Region, southern Ethiopia",Medium-Light,56/84,NT 380/200 grams,southern Ethiopia,NT 380,200 grams,380,7.054798145,53.86405,56,84,
Ethiopia Guji 74110 Natural,94,"Taichung, Taiwan","Guji Zone, Oromia Region, Southern Ethiopia",Light,64/86,NT$ 550/227 grams,Southern Ethiopia,NT$ 550,227 grams,550,8.007195894,68.68821586,64,86,
Ethiopia Banko Gotiti,94,"Taipei, Taiwan","Gedeb District, Gedeo Zone, southern Ethiopia",Light,64/82,NT$ 400/200 grams,southern Ethiopia,NT$ 400,200 grams,400,7.054798145,56.699,64,82,
Ethiopia Guji Euphora Special Honey Lot,94,"Taipei, Taiwan","Guji Zone, Oromia Region, Southern Ethiopia",Medium-Light,58/72,$12.00/8 ounces,Southern Ethiopia,$12.00 ,8 ounces,12,8,1.5,58,72,
Ethiopia Red Honey Guji Uraga Tabe Haro Wachu,94,"Chia-Yi, Taiwan","Sidamo growing region, southern Ethiopia",Medium-Light,58/78,NT $340/8 ounces,southern Ethiopia,NT $340,8 ounces,340,8,42.5,58,78,
El Salvador Unicorn,94,"Truckee, California","El Bálsamo Quetzaltepec, El Salvador",Medium-Light,56/78,$24.00/12 ounces,El Salvador,$24.00 ,12 ounces,24,12,2,56,78,
Ethiopia Guji Hambela Tirtira Goyo Natural,94,"Taichung, Taiwan","Guji Zone, Oromia Region, southern Ethiopia",Light,68/84,NT $250/8 ounces,southern Ethiopia,NT $250,8 ounces,250,8,31.25,68,84,
Ka‘ū Yellow Caturra Peaberry,94,"Hilo, Hawaii","Ka‘ū, Big Island of Hawaii",Medium-Light,60/77,$25.00/4 ounces,Big Island of Hawaii,$25.00 ,4 ounces,25,4,6.25,60,77,
Colombia Finca Chambaku,94,"Floyd, Virginia","Manizales, Caldas, Colombia",Light,62/80,$24.00/12 ounces,Colombia,$24.00 ,12 ounces,24,12,2,62,80,
Guatemala Nueva Granda Washed Laurina,94,"Taipei, Taiwan","San Marcos, Guatemala",Light,64/80,"NT $1,000/8 ounces",Guatemala,"NT $1,000",8 ounces,1000,8,125,64,80,
Colombia Luna Azul,94,"Lexington, Virginia","Santa Bárbara, Antioquia, Colombia",Medium-Light,60/76,$28.00/12 ounces,Colombia,$28.00 ,12 ounces,28,12,2.333333333,60,76,
Ethiopia Natural Yirgacheffe Koke Shalaye Abraham Mengiste,94,"Taipei, Taiwan","Yirgacheffe growing region, south-central Ethiopia",Medium-Light,60/76,NT $400/8 ounces,south-central Ethiopia,NT $400,8 ounces,400,8,50,60,76,
Colombia Wilton Benitez Thermal Shock Caturra,94,"Chicago, Illinois","Piendamo, Cauca Department, Colombia",Medium-Light,60/77,$35.00/8 ounces,Colombia,$35.00 ,8 ounces,35,8,4.375,60,77,
Colombia Tolima Genius,94,"Chicago, Illinois","Huila Department, Colombia",Light,61/83,$35.00/8 ounces,Colombia,$35.00 ,8 ounces,35,8,4.375,61,83,
Ethiopia Natural Sidama Bare Tamiru,94,"Chia-Yi, Taiwan","Sidamo growing region, southern Ethiopia",Light,64/78,NT $390/8 ounces,southern Ethiopia,NT $390,8 ounces,390,8,48.75,64,78,
Guatemala Washed Huehuetenango Joya Verde Espresso,94,"Chia-Yi, Taiwan","Huehuetenango, Guatemala",Medium-Light,58/79,NT $220/8 ounces,Guatemala,NT $220,8 ounces,220,8,27.5,58,79,
O-Li-A Geisha Blend,94,"Taipei City, Taiwan",Panama; Colombia; Ethiopia,Light,64/86,NT$ 970/227 grams,Panama; Colombia; Ethiopia,NT$ 970,227 grams,970,8.007195894,121.1410352,64,86,
Gesha Village Ethiopia Gori Gesha,94,"Taoyuan, Taiwan","Gori Gesha Forest, Bench Maji Zone, SNNPR Region, Ethiopia",Light,62/80,NT $450/8 ounces,Ethiopia,NT $450,8 ounces,450,8,56.25,62,80,
Sweetheart Blend Espresso,94,"Hsinchu, Taiwan",Ethiopia; Guatemala,Medium-Light,58/78,$15.00/8 ounces,Ethiopia; Guatemala,$15.00 ,8 ounces,15,8,1.875,58,78,
African Dance Espresso Blend,94,"Hsinchu, Taiwan",Kenya; Ethiopia; Guatemala,Medium-Light,60/78,$17.00/6 ounces,Kenya; Ethiopia; Guatemala,$17.00 ,6 ounces,17,6,2.833333333,60,78,
Colombia Las Flores Red Bourbon Natural,94,"Livingston, Montana","Acevedo, Huila Department, Colombia",Medium-Light,60/78,$29.95/12 ounces,Colombia,$29.95 ,12 ounces,29.95,12,2.495833333,60,78,
Colombia Santa Monica Castillo Honey Lulo,94,"Floyd, Virginia","Quindio Department, Colombia",Light,74/90,$33.00/8 ounces,Colombia,$33.00 ,8 ounces,33,8,4.125,74,90,
Costa Rica La Laguna Lot — Reserve Series,94,"Sacramento, California","Tarrazu, Costa Rica",Medium-Light,60/78,$23.00/12 ounces,Costa Rica,$23.00 ,12 ounces,23,12,1.916666667,60,78,
El Salvador Finca Loma La Gloria Yellow Honey,94,"Sacramento, California","El Bálsamo Quetzaltepec growing region, El Salvador",Medium-Light,58/78,$20.00/12 ounces,El Salvador,$20.00 ,12 ounces,20,12,1.666666667,58,78,
Chang-E The Moon Goddess Espresso,94,"Taoyuan, Taiwan",Colombia; Costa Rica; Kenya; Ethiopia,Medium,46/70,NT$ 650/8 ounces,Colombia; Costa Rica; Kenya; Ethiopia,NT$ 650,8 ounces,650,8,81.25,46,70,
Costa Rica Volcán Azul Gesha Anaerobic Natural,94,"San Diego, California","Poás Volcano, Alajuela, Costa Rica",Light,64/80,$59.00/8 ounces,Costa Rica,$59.00 ,8 ounces,59,8,7.375,64,80,
Colombia Huila El Triunfo Pink Bourbon Anaerobic Washed,94,"Taipei, Taiwan","Huila Department, Colombia",Medium-Light,52/78,NT$ 539/8 ounces,Colombia,NT$ 539,8 ounces,539,8,67.375,52,78,
Colombia Finca Paraiso Gesha Wilton Benitez,94,"Jersey City, New Jersey","Piendamó, Cauca Department, Colombia",Light,64/84,$60.00/250 grams,Colombia,$60.00 ,250 grams,60,8.818497681,6.80388,64,84,
Colombia Huila La Esperanza Pink Bourbon Honey,94,"Zhubei, Taiwan","Huila, Colombia",Medium-Light,62/76,NT $380/8 ounces,Colombia,NT $380,8 ounces,380,8,47.5,62,76,
Sumatra Pantan Musara,94,"Fort Wayne, Indiana","Pegasing, Takengon, Aceh Province, Sumatra, Indonesia",Medium-Light,60/78,$22.00/12 ounces,Indonesia,$22.00 ,12 ounces,22,12,1.833333333,60,78,
Ethiopia Honey Process Tamiru Tadesse,94,"Big Lake, Alaska","Sidamo growing region, south-central Ethiopia",Light,64/83,$35.00/10 ounces,south-central Ethiopia,$35.00 ,10 ounces,35,10,3.5,64,83,
Colombia Castillo Fruit Maceration Series (Strawberry),94,"Jersey City, New Jersey","Armenia, Quindio Department, Colombia",Medium-Light,61/78,$25.00/8 ounces,Colombia,$25.00 ,8 ounces,25,8,3.125,61,78,
Finca Santa Isabel,94,"Antigua, Guatemala","Cobán growing region, Alta Verapaz Department, Guatemala",Medium-Light,58/76,$13.00/12 ounces,Guatemala,$13.00 ,12 ounces,13,12,1.083333333,58,76,
Espresso No. 3,94,"Antigua, Guatemala","Antigua growing region, Guatemala",Medium-Light,54/78,$20.00/12 ounces,Guatemala,$20.00 ,12 ounces,20,12,1.666666667,54,78,
Rwanda Cyesha Natural,94,"Charlotte, North Carolina","Nyamasheke District, Lake Kivu, Rwanda",Medium-Light,58/74,$26.00/12 ounces,Rwanda,$26.00 ,12 ounces,26,12,2.166666667,58,74,
Colombia Tres Dragones,94,"San Diego, California","Caicedonia, Valle de Cauca Department, Colombia",Light,64/84,$23.00/10 ounces,Colombia,$23.00 ,10 ounces,23,10,2.3,64,84,
Guatemala El Injerto Pacamara,94,"San Rafael, California","La Libertad, Huehuetenango Department, Guatemala",Medium-Light,58/74,$22.00/6 ounces,Guatemala,$22.00 ,6 ounces,22,6,3.666666667,58,74,
Ethiopia Hateso Guji Washed,94,"Bozeman, Montana","Guji Zone, Oromia Region, Ethiopia",Medium-Light,59/78,$20.00/12 ounces,Ethiopia,$20.00 ,12 ounces,20,12,1.666666667,59,78,
Ethiopia Natural Yirgacheffe Burtukaana Danche,94,"Chia-Yi, Taiwan","Gedeo Zone, southern Ethiopia",Medium-Light,60/78,NT $350/8 ounces,southern Ethiopia,NT $350,8 ounces,350,8,43.75,60,78,
Ethiopia Yirgacheffe Kochere Debo Premium Lot Washed Process,94,"Taipei, Taiwan","Yirgacheffe growing region, southern Ethiopia",Light,62/80,NT $459/8 ounces,southern Ethiopia,NT $459,8 ounces,459,8,57.375,62,80,
Don Roger & Isabel’s Natural Fruit Symphony,94,"Rochester, New York","Jinotega Department, Nicaragua",Medium-Light,60/77,$19.00/175 grams,Nicaragua,$19.00 ,175 grams,19,6.172948377,3.077945714,60,77,
Ethiopia Chelbesa Danche Yirgacheffe,94,"San Diego, California","Chelchele, Gedeb District, Gedeo Zone, Ethiopia",Medium-Light,60/77,$24.00/12 ounces,Ethiopia,$24.00 ,12 ounces,24,12,2,60,77,
Colombia La Esperanza 100% Geisha Hanashaku,94,"Taoyuan, Taiwan","Valle de Cauca, Colombia",Light,65/81,NT$500/4 ounces,Colombia,NT$500,4 ounces,500,4,125,65,81,
Double-Anaerobic Fermentation Tamiru Tadesse,94,"Big Lake, Alaska","Sidamo growing region, south-central Ethiopia",Light,62/80,$40.00/10 ounces,south-central Ethiopia,$40.00 ,10 ounces,40,10,4,62,80,
Ethiopia Reko Yirgacheffe,94,"Sacramento, California","Yirgacheffe growing region, southern Ethiopia",Medium-Light,60/76,$23.50/12 ounces,southern Ethiopia,$23.50 ,12 ounces,23.5,12,1.958333333,60,76,
Mexico Cup of Excellence #7,94,"Manlius, New York","Coatepec, Veracruz State, Mexico",Light,62/80,$40.00/12 ounces,Mexico,$40.00 ,12 ounces,40,12,3.333333333,62,80,
Panama Geisha Finca Debra Echo,94,"Redding, California","Volcan growing region, western Panama",Light,64/80,$40.00/200 grams,western Panama,$40.00 ,200 grams,40,7.054798145,5.6699,64,80,
Panama Geisha Finca Debra Symbiosis,94,"Redding, California","Volcan growing region, western Panama",Light,62/80,$45.00/4 ounces,western Panama,$45.00 ,4 ounces,45,4,11.25,62,80,
Yirgacheffe Mengesha Natural,94,"Glendale, California","Yirgacheffe growing region, southern Ethiopia",Medium-Light,60/77,$20.50/12 ounces,southern Ethiopia,$20.50 ,12 ounces,20.5,12,1.708333333,60,77,
Mexico Finca Santa Cruz COE#1b,94,"Macao, China","La Concordia, Chiapas State, Mexico",Light,64/84,HKD $498/100 grams,Mexico,HKD $498,100 grams,498,3.527399072,141.18051,64,84,
Ethiopia BergWu Maker Series Yirgacheffe Wuri G1 Lot MW21/02,94,"Hong Kong, China","Yirgacheffe growing region, southern Ethiopia",Medium-Light,62/78,HKD $128/200 grams,southern Ethiopia,HKD $128,200 grams,128,7.054798145,18.14368,62,78,
Colombia Don Correa Gesha,94,"Lexington, Virginia","San Jose, Caldas, Colombia",Light,62/80,$32.95/12 ounces,Colombia,$32.95 ,12 ounces,32.95,12,2.745833333,62,80,
Kambera Inari Roasting,94,"Hong Kong, China","Piedra Candela, Panama",Light,62/80,HKD $530/150 grams,Panama,HKD $530,150 grams,530,5.291098608,100.1682333,62,80,
Colombia Castillo Fruit Maceration Series (Peach),94,"Jersey City, New Jersey","Armenia, Quindio Department, Colombia",Medium-Light,60/77,$25.00/8 ounces,Colombia,$25.00 ,8 ounces,25,8,3.125,60,77,
Costa Rica Las Lajas Perla Negra,94,"Durango, Colorado","Sabanilla de Alajuela growing region, Costa Rica",Medium-Light,57/76,$18.95/12 ounces,Costa Rica,$18.95 ,12 ounces,18.95,12,1.579166667,57,76,
Kenya Ichamama,94,"San Diego, California","Nyeri growing region, south-central Kenya",Medium-Light,59/77,$28.00/12 ounces,south-central Kenya,$28.00 ,12 ounces,28,12,2.333333333,59,77,
Kenya Ndumberi Peaberry,94,"San Diego, California","Kiambu County, Kenya",Medium-Light,58/77,$27.00/14 ounces,Kenya,$27.00 ,14 ounces,27,14,1.928571429,58,77,
Finca Cerro Azul Aces Lot,94,"Billings, Montana","Guerrero State, Mexico",Medium-Light,61/79,$32.25/8 ounces,Mexico,$32.25 ,8 ounces,32.25,8,4.03125,61,79,
Guatemala Washed Acatenango Finca El General Pacamara Espresso,94,"Chia-Yi, Taiwan","Acatenango, Chimaltenango Department, Guatemala",Medium-Light,58/78,NT $350/8 ounces,Guatemala,NT $350,8 ounces,350,8,43.75,58,78,
Guatemala Washed Finca El General Lot SummerEnd Espresso,94,"Chia-Yi, Taiwan","Acatenango, Chimaltenango Department, Guatemala",Medium-Light,56/74,NT $240/8 ounces,Guatemala,NT $240,8 ounces,240,8,30,56,74,
Rwanda Sholi Natural Single-Origin Espresso,94,"Sacramento, California","Muhanga, Rwanda",Medium-Light,56/72,$22.00/12 ounces,Rwanda,$22.00 ,12 ounces,22,12,1.833333333,56,72,
Kona Red Bourbon,94,"Mountain View, Hawaii","Holualoa, Kona, Big Island of Hawai’i",Medium-Light,60/78,$49.00/10 ounces,Big Island of Hawai’i,$49.00 ,10 ounces,49,10,4.9,60,78,
Kona Noir,94,"Mountain View, Hawaii","Holualoa, Kona, Big Island of Hawai’i",Light,62/80,$29.00/4 ounces,Big Island of Hawai’i,$29.00 ,4 ounces,29,4,7.25,62,80,
Kenya AB,94,"New Taipei City, Taiwan","Nyeri growing region, south-central Kenya",Light,64/84,NT $750/230 grams,south-central Kenya,NT $750,230 grams,750,8.113017866,92.44402174,64,84,
Kenya Ngaita Peaberry,94,"San Diego, California","Kiambu County, Kenya",Medium-Light,60/77,$27.00/14 ounces,Kenya,$27.00 ,14 ounces,27,14,1.928571429,60,77,
Ethiopia Gera Reserve Anaerobic Natural,94,"Youngstown, Ohio","Djimma growing region, Oromia State, Ethiopia",Light,62/84,$19.50/10 ounces,Ethiopia,$19.50 ,10 ounces,19.5,10,1.95,62,84,
Taiwan Alishan Espresso Pacamara Natural,94,"Taoyuan, Taiwan","Alishan Township, Chiayi County, Taiwan",Medium,48/67,NT $2300/230 grams,Taiwan,NT $2300,230 grams,2300,8.113017866,283.495,48,67,
Kenya AA TOP Nairobi Rose,94,"Taipei, Taiwan","Embu County, Kenya",Medium-Light,60/77,NT $400/8 ounces,Kenya,NT $400,8 ounces,400,8,50,60,77,
Fruit of the Goddess Espresso Blend,94,"Taipei City, Taiwan",Kenya; Costa Rica; Ethiopia,Medium-Light,52/70,NT $550/454 grams,Kenya; Costa Rica; Ethiopia,NT $550,454 grams,550,16.01439179,34.34410793,52,70,
Kenya Nyeri Hill,94,"Lexington, Virginia","Nyeri growing region, south-central Kenya",Medium-Light,60/78,$21.95/12 ounces,south-central Kenya,$21.95 ,12 ounces,21.95,12,1.829166667,60,78,
Ethiopia Guji Uraga More Floral Kudume Natural,94,"Yilan, Taiwan","Guji Zone, Oromia Region, Southern Ethiopia",Medium-Light,62/77,NT $550/200 grams,Southern Ethiopia,NT $550,200 grams,550,7.054798145,77.961125,62,77,
Reina de la Asuncion Ecuador,94,"Madison, Wisconsin","Congonama, Loja, Ecuador",Medium-Light,58/74,$20.00/12 ounces,Ecuador,$20.00 ,12 ounces,20,12,1.666666667,58,74,
Peru Incahuasi,94,"Phoenix, Arizona","Cusco Region, Peru",Medium-Light,58/78,$26.00/12 ounces,Peru,$26.00 ,12 ounces,26,12,2.166666667,58,78,
Colombia Cerro Azul Enano,94,"San Rafael, California","Trujillo, Valle del Cauca Department, Colombia",Medium-Light,60/77,$26.00/12 ounces,Colombia,$26.00 ,12 ounces,26,12,2.166666667,60,77,
Colombia Jardines del Eden Pink Bourbon Wine Yeast Honey,94,"Toronto, Canada","Pijao, Quindio Department, Colombia",Light,64/86,CAD $30.00/250 grams,Colombia,CAD $30.00,250 grams,30,8.818497681,3.40194,64,86,
Kenya Gathaithi AA,94,"Montrose, Colorado","Nyeri growing region, south-central Kenya",Medium-Light,58/76,$14.00/250 grams,south-central Kenya,$14.00 ,250 grams,14,8.818497681,1.587572,58,76,
Costa Rica Cerro Dragon Geisha Honey,94,"Bozeman, Montana","Tarrazú, Costa Rica",Medium-Light,59/78,$30.00/12 ounces,Costa Rica,$30.00 ,12 ounces,30,12,2.5,59,78,
Memories of Autumn,94,"Taitung, Taiwan",Ethiopia; Colombia,Light,64/82,NT$399/8 ounces,Ethiopia; Colombia,NT$399,8 ounces,399,8,49.875,64,82,
Papua New Guinea Wahgi Valley Sigri Estate Peaberry,94,"Taipei City, Taiwan","Western Highlands Province, Papua New Guinea",Medium-Light,57/77,NT $550/227 grams,Papua New Guinea,NT $550,227 grams,550,8.007195894,68.68821586,57,77,
Colombia Finca Samboni Gesha Anaerobic Natural,94,"Floyd, Virginia","Algeciras, Huila Department, Colombia",Medium-Light,62/78,$30.00/12 ounces,Colombia,$30.00 ,12 ounces,30,12,2.5,62,78,
Panama Hartmann Estate Chicho Gallo Amaro Gayo Natural BOP#1,94,"Taipei, Taiwan","Chiriqui Province, far western Panama",Medium-Light,60/78,NT $549/100 grams,far western Panama,NT $549,100 grams,549,3.527399072,155.638755,60,78,
Ethiopia Gora Kone,94,"Sacramento, California","Sidamo growing region, southern Ethiopia",Light,62/84,$23.50/12 ounces,southern Ethiopia,$23.50 ,12 ounces,23.5,12,1.958333333,62,84,
Teremuka Kenya,94,"Madison, Wisconsin","Nakuru County, Kenya",Medium-Light,60/77,$24.00/12 ounces,Kenya,$24.00 ,12 ounces,24,12,2,60,77,
Kenya Kiambu Mandela Estate AA Washed Process,94,"Taipei, Taiwan","Kiambu County, south-central Kenya",Medium-Light,60/77,NT $349/8 ounces,south-central Kenya,NT $349,8 ounces,349,8,43.625,60,77,
Colombia Osmanthus Bouquet Granja Paraiso 92,94,"Seoul, South Korea","Piendamo, Cauca Department, Colombia",Light,64/82,"KRW $28,000/100 grams",Colombia,"KRW $28,000",100 grams,28000,3.527399072,7937.86,64,82,
Ethiopia Gatta Anaerobic,94,"Olympia, Washington","Sidamo growing region, southern Ethiopia",Light,65/92,$34.50/12 ounces,southern Ethiopia,$34.50 ,12 ounces,34.5,12,2.875,65,92,
Colombia Cauca Granja Paraiso 92 – Pink Bourbon,94,"Lake Forest, Illinois","Piendamo, Cauca Department, Colombia",Light,67/99,$34.99/12 ounces,Colombia,$34.99 ,12 ounces,34.99,12,2.915833333,67,99,
Colombia Monteblanco Rodrigo Sanchez Carbonic Maceration,94,"Los Angeles, California","Huila Department, Colombia",Light,56/86,$23.95/310 grams,Colombia,$23.95 ,310 grams,23.95,10.93493712,2.1902275,56,86,
Colombia Finca El Paraiso Rose Tea,94,"Yilan, Taiwan","Cauca Department, Colombia",Light,64/88,NT $500/100 grams,Colombia,NT $500,100 grams,500,3.527399072,141.7475,64,88,
Golden Parrot Blend Espresso,94,"Chia-Yi, Taiwan",Guatemala; Ethiopia; Colombia,Medium-Light,58/78,NT $210/8 ounces,Guatemala; Ethiopia; Colombia,NT $210,8 ounces,210,8,26.25,58,78,
Espresso Giusto,94,"Lexington, Virginia",Colombia; Guatemala; Mexico,Medium-Light,54/72,$16.95/12 ounces,Colombia; Guatemala; Mexico,$16.95 ,12 ounces,16.95,12,1.4125,54,72,
Colombia Red Bomb,94,"Lexington, Virginia","La Sierra, Medellin, Colombia",Medium-Light,59/77,$25.00/12 ounces,Colombia,$25.00 ,12 ounces,25,12,2.083333333,59,77,
El Salvador La Muela Pacamara,94,"Topeka, Kansas","Chalatenango, El Salvador",Medium-Light,58/77,$23.00/12 ounces,El Salvador,$23.00 ,12 ounces,23,12,1.916666667,58,77,
Teremuka Peaberry Kenya,94,"Madison, Wisconsin","Nakuru County, Kenya",Medium-Light,60/77,$24.00/12 ounces,Kenya,$24.00 ,12 ounces,24,12,2,60,77,
Ethiopia Yirgacheffe Adame G1 Natural,94,"Taipei, Taiwan","Yirgacheffe growing region, south-central Ethiopia",Light,63/79,NT $550/8 ounces,south-central Ethiopia,NT $550,8 ounces,550,8,68.75,63,79,
Burundi Nemba Washed Process,94,"Viroqua, Wisconsin","Kayanza, Northern Province, Burundi",Medium-Light,60/77,$23.00/12 ounces,Burundi,$23.00 ,12 ounces,23,12,1.916666667,60,77,
Ethiopia Guji,94,"Taipei, Taiwan","Guji Zone, Oromia Region, southern Ethiopia",Light,65/86,NT $180/8 ounces,southern Ethiopia,NT $180,8 ounces,180,8,22.5,65,86,
Kenya Gatomboya,94,"Truckee, California","Nyeri growing region, south-central Kenya",Medium-Light,59/77,$30.00/12 ounces,south-central Kenya,$30.00 ,12 ounces,30,12,2.5,59,77,
Guatemala Acatenango Gesha,94,"Taichung, Taiwan","Acatenango growing region, Guatemala",Light,67/86,"NT $1,200/227 grams",Guatemala,"NT $1,200",227 grams,1200,8.007195894,149.8651982,67,86,
Yemen Natural Hamoud Abdullah AL-Khisheni,94,"Chia-Yi, Taiwan","Al Hayma, Sana'a Governorate, Yemen",Light,62/80,NT $600/4 ounces,Yemen,NT $600,4 ounces,600,4,150,62,80,
Hawai’i Ka‘ū Champagne Natural,94,"Hilo, Hawaii","Ka‘ū growing region, Big Island of Hawai’i",Medium-Light,60/78,$25.00/4 ounces,Big Island of Hawai’i,$25.00 ,4 ounces,25,4,6.25,60,78,
Kona Classic,94,"Hilo, Hawaii","Kona growing region, Big Island of Hawai’i",Medium-Light,60/78,$25.00/4 ounces,Big Island of Hawai’i,$25.00 ,4 ounces,25,4,6.25,60,78,
Quindio Gold Honey Colombia,94,"Madison, Wisconsin","Circasia Municipality, Quindio Department, Colombia",Light,62/80,$18.00/8 ounces,Colombia,$18.00 ,8 ounces,18,8,2.25,62,80,
Costa Rica Raisin Honey,94,"Glendale, California","Dota, Tarrazú, Costa Rica",Medium-Light,60/76,$26.00/12 ounces,Costa Rica,$26.00 ,12 ounces,26,12,2.166666667,60,76,
Ecuador Finca Lugmapata,94,"San Rafael, California","Pallatanga, Chimborazo Province, Ecuador",Medium-Light,62/79,$22.00/6 ounces,Ecuador,$22.00 ,6 ounces,22,6,3.666666667,62,79,
Costa Rica Volcán Azul Geisha Yeast-Washed,94,"Zhubei, Taiwan","West Valley, Costa Rica",Light,62/80,NT $349/100 grams,Costa Rica,NT $349,100 grams,349,3.527399072,98.939755,62,80,
Kenya Gichathaini,94,"Sacramento, California","Mathira West District, Nyeri growing region, Kenya",Light,64/82,$25.00/12 ounces,Kenya,$25.00 ,12 ounces,25,12,2.083333333,64,82,
Kenya Gotomboya Peaberry,94,"San Diego, California","Nyeri growing region, south-central Kenya",Medium-Light,59/77,$27.00/12 ounces,south-central Kenya,$27.00 ,12 ounces,27,12,2.25,59,77,
Ethiopia Washed Sidama Rumudamo,94,"Chia-Yi, Taiwan","Arbegona, Sidamo growing region, south-central Ethiopia",Light,64/86,NT $390/8 ounces,south-central Ethiopia,NT $390,8 ounces,390,8,48.75,64,86,
Ethiopia Gera Genji Challa,94,"San Diego, California","Agaro Gera, Jimma Zone, Oromia State, Ethiopia",Medium-Light,59/77,$28.00/12 ounces,Ethiopia,$28.00 ,12 ounces,28,12,2.333333333,59,77,
Ethiopia Gesha Village Illubabor Forest Lot 22/043 (Single-Terroir) Natural Process,94,"Taipei, Taiwan","Bench-Maji Zone, Southern Ethiopia",Light,64/84,NT $299/100 grams,Southern Ethiopia,NT $299,100 grams,299,3.527399072,84.765005,64,84,
Ka’u Tropical Punch,94,"Minneapolis, Minnesota","Ka'u growing region, Big Island of Hawai’i",Medium-Light,60/78,$25.00/4 ounces,Big Island of Hawai’i,$25.00 ,4 ounces,25,4,6.25,60,78,
Chelbessa Ethiopia,94,"Madison, Wisconsin","Yirgacheffe growing region, southern Ethiopia",Medium-Light,60/78,$20.00/12 ounces,southern Ethiopia,$20.00 ,12 ounces,20,12,1.666666667,60,78,
Nyeri Hill Kenya,94,"Madison, Wisconsin","Nyeri growing region, south-central Kenya",Medium-Light,58/80,$22.00/12 ounces,south-central Kenya,$22.00 ,12 ounces,22,12,1.833333333,58,80,
Ethiopia Hayissa Olocho Lot 6,94,"Savannah, Georgia","Sidamo growing region, Ethiopia",Light,61/82,$27.00/10 ounces,Ethiopia,$27.00 ,10 ounces,27,10,2.7,61,82,
El Salvador Finca El Retiro Sudan Rume Natural,94,"Chia-Yi, Taiwan","Apaneca-Ilamatepec growing region, El Salvador",Medium-Light,62/78,$16.00/230 grams,El Salvador,$16.00 ,230 grams,16,8.113017866,1.97213913,62,78,
Ethiopia Kochere Arefasa Washed G1,94,"Nantou, Taiwan","Yirgacheffe growing region, southern Ethiopia",Light,62/80,NT $500/227 grams,southern Ethiopia,NT $500,227 grams,500,8.007195894,62.4438326,62,80,
Kayon Mountain Ethiopia,94,"Madison, Wisconsin","Odo Shakiso District, Guji Zone, southern Ethiopia",Medium-Light,58/78,$18.00/12 ounces,southern Ethiopia,$18.00 ,12 ounces,18,12,1.5,58,78,
Colombia Geisha Allium,94,"San Diego, California","Valle de Cauca Department, Colombia",Light,62/84,$65.00/8 ounces,Colombia,$65.00 ,8 ounces,65,8,8.125,62,84,
Ethiopia 2022 COE#25 Natural Tadesse 74112,94,"Chia-Yi, Taiwan","Gedeo Zone, SNNPR, southern Ethiopia",Light,65/84,NT $450 /4 ounces,southern Ethiopia,NT $450 ,4 ounces,450,4,112.5,65,84,
Guatemala Retiro del Quisaya Natural Process,94,"Durango, Colorado","San Martin Jilotepeque, Chimaltenango Department, Guatemala",Medium-Light,59/78,$18.95/12 ounces,Guatemala,$18.95 ,12 ounces,18.95,12,1.579166667,59,78,
Guatemala Natural El General Bistro Lot Espresso,94,"Chia-Yi, Taiwan","Acatenango, Chimaltenango, Guatemala",Medium-Light,58/76,NT $290/8 ounces,Guatemala,NT $290,8 ounces,290,8,36.25,58,76,
Winter 2022 Allocation Colombia,94,"Phoenix, Arizona","Quindio Department, Colombia",Light,62/80,$50.00/6 ounces,Colombia,$50.00 ,6 ounces,50,6,8.333333333,62,80,
Ethiopia Duromina Agaro Gera,94,"Mount Shasta, California","Agaro Gera, Jimma Zone, Oromia State, Ethiopia",Light,62/81,$17.00/12 ounces,Ethiopia,$17.00 ,12 ounces,17,12,1.416666667,62,81,
Costa Rica William Mora,94,"Phoenix, Arizona","Tarrazu growing region, Costa Rica",Light,65/84,$28.00/12 ounces,Costa Rica,$28.00 ,12 ounces,28,12,2.333333333,65,84,
Panama Finca Las Nubes Geisha Microlot,94,"Waterbury Center, Vermont","Boquete growing region, Panama",Medium-Light,60/77,$15.00/8 ounces,Panama,$15.00 ,8 ounces,15,8,1.875,60,77,
Ethiopia Kayon Mountain,94,"Lexington, Virginia","Odo Shakiso District, Guji Zone, southern Ethiopia",Light,64/82,$20.95/12 ounces,southern Ethiopia,$20.95 ,12 ounces,20.95,12,1.745833333,64,82,
Ka‘u Red Catuai Peaberry,94,"Hilo, Hawaii","Ka‘u growing region, Big Island of Hawai’i",Medium-Light,59/74,$30.00/4 ounces,Big Island of Hawai’i,$30.00 ,4 ounces,30,4,7.5,59,74,
Kabiufa Papua New Guinea,94,"Madison, Wisconsin","Kabiufa, Eastern Highlands, Papua New Guinea",Medium-Light,58/77,$20.00/12 ounces,Papua New Guinea,$20.00 ,12 ounces,20,12,1.666666667,58,77,
Colombia Geiner Montano,94,"Sacramento, California","Huila Department, Colombia",Medium-Light,62/78,$24.50/12 ounces,Colombia,$24.50 ,12 ounces,24.5,12,2.041666667,62,78,
Ethiopia Sidama Karamo Anaerobic Natural,94,"Bozeman, Montana","Sidamo growing region, south-central Ethiopia.",Medium-Light,62/79,$35.00/12 ounces,south-central Ethiopia.,$35.00 ,12 ounces,35,12,2.916666667,62,79,
Costa Rica Candelilla Gesha,94,"Floyd, Virginia","Tarrazu, Costa Rica",Light,64/84,$35.00/12 ounces,Costa Rica,$35.00 ,12 ounces,35,12,2.916666667,64,84,
Guatemala La Esperanza Anaerobic,94,"Peoria, Illinois","Hoja Blanca, Huehuetenango, Guatemala",Light,64/86,$24.00/12 ounces,Guatemala,$24.00 ,12 ounces,24,12,2,64,86,
Colombia Pink Bourbon,94,"Minneapolis, MInnesota","Huila, Colombia",Medium-Light,56/74,$24.95/12 ounces,Colombia,$24.95 ,12 ounces,24.95,12,2.079166667,56,74,
Colombia Aponte Honey,94,"Floyd, Virginia","Aponte, Nariño Department, Colombia",Light,64/88,$23.00/12 ounces,Colombia,$23.00 ,12 ounces,23,12,1.916666667,64,88,
Colombia Monteblanco Nectar Citrullus Secret Stash,94,"Sacramento, Calfornia","Peñas Blancas Mountains, Acevedo, Colombia",Medium-Light,58/82,$20.00/8 ounces,Colombia,$20.00 ,8 ounces,20,8,2.5,58,82,
Cruz Loma Ecuador,94,"Madison, Wisconsin","San José de Minas, Pichincha Province, Ecuador",Light,60/82,$22.00/8 ounces,Ecuador,$22.00 ,8 ounces,22,8,2.75,60,82,
Ngurueri Kenya,94,"Madison, Wisconsin","Embu County, Kenya",Light,62/80,$22.00/12 ounces,Kenya,$22.00 ,12 ounces,22,12,1.833333333,62,80,
Honduras Roger Dominguez,94,"Fort Wayne, Indiana","La Paz, Marcala growing region, Honduras",Light,66/88,$20.00/8 ounces,Honduras,$20.00 ,8 ounces,20,8,2.5,66,88,
Costa Rica Finca El Cañal Double Diamond,94,"Charlotte, North Carolina","Alajuela, Central Valley, Costa Rica",Light,62/86,$28.00/12 ounces,Costa Rica,$28.00 ,12 ounces,28,12,2.333333333,62,86,
Ethiopia Sidama Bensa Hamasho Washed TOH#2,94,"Taipei, Taiwan","Sidamo growing region, southern Ethiopia",Light,64/86,NT $349/8 ounces,southern Ethiopia,NT $349,8 ounces,349,8,43.625,64,86,
Kenya Kiamwangi Factory AA TOP,94,"Taipei, Taiwan","Nyeri growing region, south-central Kenya",Medium-Light,60/80,NT $389/8 ounces,south-central Kenya,NT $389,8 ounces,389,8,48.625,60,80,
El Salvador Unicorn,94,"Truckee, California","El Bálsamo Quetzaltepec, El Salvador",Medium-Light,58/80,$24.00/8 ounces,El Salvador,$24.00 ,8 ounces,24,8,3,58,80,
Costa Rica Rivense Finca El Mango Honey Process,94,"Thermopolis, Wyoming","Chirripo, Brunca growing region, Costa Rica",Light,62/84,$16.00/12 ounces,Costa Rica,$16.00 ,12 ounces,16,12,1.333333333,62,84,
Finca Huixoc Geisha,94,"Antigua Guatemala, Guatemala","La Democracia, Huehuetenango Department, Guatemala",Light,60/82,$24.00/12 ounces,Guatemala,$24.00 ,12 ounces,24,12,2,60,82,
El Salvador Finca Santa Sofia Natural Kenya,94,"Denver, Colorado","Santa Ana, El Salvador",Light,68/94,$22.00/8 ounces,El Salvador,$22.00 ,8 ounces,22,8,2.75,68,94,
Ballista Espresso,94,"Lee, Massachusetts","Ethiopia, Brazil",Medium-Light,56/74,$18.45/12 ounces,Brazil,$18.45 ,12 ounces,18.45,12,1.5375,56,74,
Costa Rica Alma Negra Natural,94,"Floyd, Virginia","Alajuela, Central Valley, Costa Rica",Light,58/88,$25.00/12 ounces,Costa Rica,$25.00 ,12 ounces,25,12,2.083333333,58,88,
Costa Rica Hacienda Sonora Natural Milenio,94,"Denver, Colorado","Alajuela, Central Valley, Costa Rica",Light,62/84,$19.00/8 ounces,Costa Rica,$19.00 ,8 ounces,19,8,2.375,62,84,
Buena Vista Pink Bourbon Colombia,94,"Madison, Wisconsin","La Muralla, Huila Department, Colombia",Medium-Light,59/77,$22.00/8 ounces,Colombia,$22.00 ,8 ounces,22,8,2.75,59,77,
Wilton Benitez Striped Bourbon Colombia,94,"Madison, Wisconsin","Piendamó, Cauca, Colombia",Light,62/84,$25.00/8 ounces,Colombia,$25.00 ,8 ounces,25,8,3.125,62,84,
Ayla Bombe Natural,94,"Madison, Wisconsin","Sidamo growing region, southern Ethiopia",Light,63/87,$22.00/12 ounces,southern Ethiopia,$22.00 ,12 ounces,22,12,1.833333333,63,87,
Wai Meli Morning,94,"Mountain View, Hawai'i","Kona and Ka’u, Hawai’i; other undisclosed origins",Medium-Light,54/72,$30.00/10 ounces,Hawai’i; other undisclosed origins,$30.00 ,10 ounces,30,10,3,54,72,
Pueo Blend,94,"Hilo, Hawai'i",Guatemala and other undisclosed origins,Medium-Light,50/77,$20.00/10 ounces,Guatemala and other undisclosed origins,$20.00 ,10 ounces,20,10,2,50,77,
Colombia Efren Echeverry,94,"Fort Wayne, Indiana","Pitalito, Huila Department, Colombia",Light,62/84,$25.00/12 ounces,Colombia,$25.00 ,12 ounces,25,12,2.083333333,62,84,
Ethiopia Natural Guji Hambella Wamena Buku G1,94,"Chia-Yi, Taiwan","Guji Zone, Oromia Region, southern Ethiopia",Light,64/88,NT $320/8 ounces,southern Ethiopia,NT $320,8 ounces,320,8,40,64,88,
Kenya Baragwi Guama,94,"Fort Wayne, Indiana","Guama Village, Kirinyaga County, Kenya",Medium-Light,60/78,$22.00/12 ounces,Kenya,$22.00 ,12 ounces,22,12,1.833333333,60,78,
Costa Rica La Laguna Lot Secret Stash,94,"Sacramento, California","Tarrazu, Costa Rica",Light,64/86,$20.00/8 ounces,Costa Rica,$20.00 ,8 ounces,20,8,2.5,64,86,
Ethiopia Natural Lion 88,94,"Taipei, Taiwan","Guji Zone, Oromia region, southern Ethiopia",Light,66/90,NT $500/8 ounces,southern Ethiopia,NT $500,8 ounces,500,8,62.5,66,90,
Colombia Hacienda La Pradera Mokka,94,"Manlius, New York","Santander Department, Colombia",Light,64/88,$42.00/12 ounces,Colombia,$42.00 ,12 ounces,42,12,3.5,64,88,
Ethiopia Yirgacheffe Gutiti Gargari Natural,94,"Taipei City, Taiwan","Yirgacheffe growing region, south-central Ethiopia",Medium-Light,60/77,NT $450/227 grams,south-central Ethiopia,NT $450,227 grams,450,8.007195894,56.19944934,60,77,
Guatemala El Injerto Legendary Geisha Natural Lot E1-06,94,"Taipei, Taiwan","Huehuetenango Department, Guatemala",Light,60/88,$23.67/4 ounces,Guatemala,$23.67 ,4 ounces,23.67,4,5.9175,60,88,
Colombia Pink Champagne El Mirador Blend,94,"Reno, Nevada","Huila Department, Colombia",Light,66/93,$29.00/10 ounces,Colombia,$29.00 ,10 ounces,29,10,2.9,66,93,
Ethiopia Washed Ayla Bombe,94,"Livingston, Montana","Sidamo growing region, southern Ethiopia",Medium-Light,59/79,$19.00/12 ounces,southern Ethiopia,$19.00 ,12 ounces,19,12,1.583333333,59,79,
Colombia Finca La Reserva,94,"Cleveland, Tennessee","Antioquia Department, Colombia",Light,64/84,$19.99/8 ounces,Colombia,$19.99 ,8 ounces,19.99,8,2.49875,64,84,
Ethiopia Washed Yirgacheffe Chelbesa SNNPR Gedeo G1,94,"Taichung, Taiwan","Yirgacheffe growing region, south-central Ethiopia",Light,64/84,NT $480/8 ounces,south-central Ethiopia,NT $480,8 ounces,480,8,60,64,84,
Colombia Wilton Benitez Thermal Shock Red Bourbon,94,"Chicago, Illinois","Piendamo, Cauca Department, Colombia",Light,60/83,$38.00/8 ounces,Colombia,$38.00 ,8 ounces,38,8,4.75,60,83,
Kenya Melwa AA Washed,94,"Tainan, Taiwan","Nyeri growing region, south-central Kenya",Light,64/88,NT $480/227 grams,south-central Kenya,NT $480,227 grams,480,8.007195894,59.9460793,64,88,
Fruits Melody,94,"Chia-Yi, Taiwan",Ethiopia,Light,65/81,NT $390/227 grams,Ethiopia,NT $390,227 grams,390,8.007195894,48.70618943,65,81,
Ethiopia Bench Maji Gori Gesha ORO Yeast Natural G1,94,"Tainan, Taiwan","Bench-Maji Zone, southern Ethiopia",Medium-Light,55/79,NT 780/227 grams,southern Ethiopia,NT 780,227 grams,780,8.007195894,97.41237885,55,79,
130 Blend,94,"San Diego, California",Guatemala; Ethiopia,Medium-Light,55/79,$19.00/12 ounces,Guatemala; Ethiopia,$19.00 ,12 ounces,19,12,1.583333333,55,79,
Bener Meriah Sumatra,94,"Madison, Wisconsin","Aceh, Sumatra, Indonesia",Medium-Light,59/77,$20.00/12 ounces,Indonesia,$20.00 ,12 ounces,20,12,1.666666667,59,77,
Ethiopia Alo Chilaka Natural,94,"Viroqua, Wisconsin","Sidamo growing region, southern Ethiopia",Light,66/88,$22.00/12 ounces,southern Ethiopia,$22.00 ,12 ounces,22,12,1.833333333,66,88,
Kolla Bolcha #6 Ethiopia,94,"Madison, Wisconsin","Agaro, Oromia region, Ethiopia",Medium-Light,60/79,$20.00/12 ounces,Ethiopia,$20.00 ,12 ounces,20,12,1.666666667,60,79,
Taiwan Natural Alishan Chi Tsai Liu Li Ecological Farm,94,"Chia-Yi, Taiwan","Alishan, Taiwan",Medium-Light,60/77,"NT $1,100/4 ounces",Taiwan,"NT $1,100",4 ounces,1100,4,275,60,77,
Ethiopia Natural Sidama ALO Village SKY Project FL,94,"Chia-Yi, Taiwan","Sidamo growing region, southern Ethiopia",Medium-Light,60/77,NT $490/4 ounces,southern Ethiopia,NT $490,4 ounces,490,4,122.5,60,77,
Ethiopia Washed Guji Uraga Tebe Burka,94,"Chia-Yi, Taiwan","Guji Zone, Oromia Region, southern Ethiopia",Medium-Light,58/80,NT $330/8 ounces,southern Ethiopia,NT $330,8 ounces,330,8,41.25,58,80,
Guatemala Washed Huehuetenango Joya Verde,94,"Chia-Yi, Taiwan","Huehuetenango, Guatemala",Medium-Light,56/74,NT $260/8 ounces,Guatemala,NT $260,8 ounces,260,8,32.5,56,74,
Ethiopia Worka Sakaro,94,"Lexington, Virginia","Gedeb District, Gedeo Zone, southern Ethiopia",Light,62/86,$27.00/12 ounces,southern Ethiopia,$27.00 ,12 ounces,27,12,2.25,62,86,
Kenya Washed Kiambu AB TOP Lot Yerihar,94,"Chia-Yi, Taiwan","Kiambu County, south-central Kenya",Medium-Light,58/78,NT $350/8 ounces,south-central Kenya,NT $350,8 ounces,350,8,43.75,58,78,
Ethiopia Sidama Bombe G1 Washed,94,"Barronett, Wisconsin","Sidamo growing region, southern Ethiopia",Light,64/84,$19.00/12 ounces,southern Ethiopia,$19.00 ,12 ounces,19,12,1.583333333,64,84,
Costa Rica Central Valley Honey Geisha,94,"Barronett, Wisconsin","Alajuela, Central Valley, Costa Rica",Light,62/80,$16.00/6 ounces,Costa Rica,$16.00 ,6 ounces,16,6,2.666666667,62,80,
Panama Bambito Gesha,94,"Olympia, Washington","Bambito Mountains, Chiriqui, Panama",Light,62/84,$55.00/8 ounces,Panama,$55.00 ,8 ounces,55,8,6.875,62,84,
La Piragua Pink Bourbon Colombia,94,"Madison, Wisconsin","Palestina, Huila Department, Colombia",Light,62/84,$22.00/12 ounces,Colombia,$22.00 ,12 ounces,22,12,1.833333333,62,84,
Ethiopia Nano Genji Lot #8,94,"Manlius, New York","Agaro Gera, Jimma Zone, Oromia State, Ethiopia",Light,64/84,$22.00/12 ounces,Ethiopia,$22.00 ,12 ounces,22,12,1.833333333,64,84,
Sumatra Putra Gayo Natural,94,"Fort Wayne, Indiana","Aceh Province, Sumatra, Indonesia",Medium-Light,60/79,$23.00/12 ounces,Indonesia,$23.00 ,12 ounces,23,12,1.916666667,60,79,
Ethiopia Yirgacheffe Earl Grey Peach,94,"Taipei, Taiwan","Yirgacheffe growing region, southern Ethiopia",Light,65/87,NT $329/8 ounces,southern Ethiopia,NT $329,8 ounces,329,8,41.125,65,87,
Costa Rica La Minita,94,"Tulsa, Oklahoma","Los Santos, Tarrazú, Costa Rica",Medium-Light,56/82,$22.00/12 ounces,Costa Rica,$22.00 ,12 ounces,22,12,1.833333333,56,82,
Panama Altieri Luci Geisha Natural Cold Dry Ferment,94,"Los Angeles, California","Boquete growing region, western Panama",Medium-Light,58/81,$59.95/170 grams,western Panama,$59.95 ,170 grams,59.95,5.996578423,9.997367794,58,81,
Colombia Las Perlitas Anaerobic Honey,94,"Santa Fe, New Mexico","Medellin, Colombia",Medium-Light,59/81,$25.00/227 grams,Colombia,$25.00 ,227 grams,25,8.007195894,3.12219163,59,81,
Ethiopian Single Origin,94,"Norfolk, Virginia",Ethiopia,Medium-Light,52/74,$16.99/12 ounces,Ethiopia,$16.99 ,12 ounces,16.99,12,1.415833333,52,74,
Guatemala Retiro del Quisaya Washed Process,94,"Durango, Colorado","San Martin Jilotepeque, Chimaltenango Department, Guatemala",Medium-Light,57/79,$19.95/12 ounces,Guatemala,$19.95 ,12 ounces,19.95,12,1.6625,57,79,
Kona Bloom,94,"Hilo, Hawai'i","Kona District, Hawai’i Island, Hawai’i",Medium-Light,57/78,$44.00/10 ounces,Hawai’i,$44.00 ,10 ounces,44,10,4.4,57,78,
Ka’u Giant Maragogipe,94,"Hilo, Hawai'i","Ka’u growing region, Hawai’i Island, Hawai’i",Medium-Light,52/73,$42.00/10 ounces,Hawai’i,$42.00 ,10 ounces,42,10,4.2,52,73,
Ethiopia Mullugeta Muntasha,94,"Fort Wayne, Indiana","Bursa Village, Arbegona, Sidama growing region, southern Ethiopia",Medium-Light,61/79,$23.00/12 ounces,southern Ethiopia,$23.00 ,12 ounces,23,12,1.916666667,61,79,
Peru Churupampa Pacamara,94,"Fort Wayne, Indiana","Jaén, Cajamarca, Peru",Medium-Light,59/80,$22.00/12 ounces,Peru,$22.00 ,12 ounces,22,12,1.833333333,59,80,
Colombia Cauca Lusitania Geisha Washed,94,"Taipei, Taiwan","Caicedonia, Cauca Department, Colombia",Light,66/88,NT $470/100 grams,Colombia,NT $470,100 grams,470,3.527399072,133.24265,66,88,
Colombia Faver Emir Ninco Pink Bourbon,94,"Taipei, Taiwan","Santa Maria, Huila Department, Colombia",Light,61/81,NT $559/8 ounces,Colombia,NT $559,8 ounces,559,8,69.875,61,81,
Mexico Alva Flores,94,"Fort Wayne, Indiana","Santa Cruz, Ozolotepec, Oaxaca, Mexico",Medium-Light,54/72,$18.00/12 ounces,Mexico,$18.00 ,12 ounces,18,12,1.5,54,72,
Duwancho Natural Ethiopia,94,"Madison, Wisconsin","Sidamo growing region, southern Ethiopia",Light,61/82,$28.00/12 ounces,southern Ethiopia,$28.00 ,12 ounces,28,12,2.333333333,61,82,
Brazil Vinhal Grape Starfruit,94,"Peoria, Illinois","Cerrado Mineiro, Minas Gerais, Brazil",Medium-Light,59/77,$21.00/12 ounces,Brazil,$21.00 ,12 ounces,21,12,1.75,59,77,
Ethiopia Guji Hambela Buku Abel Bastet Geisha Washed,94,"Yilan, Taiwan","Guji Zone, Oromia Region, Southern Ethiopia",Light,63/85,NT $550/200 grams,Southern Ethiopia,NT $550,200 grams,550,7.054798145,77.961125,63,85,
Ethiopia Yirgacheffe G1 Gotiti Angel Station Geisha Washed,94,"Yilan, Taiwan","Gedeb District, Gedeo Zone, southern Ethiopia",Light,62/82,NT $550/200 grams,southern Ethiopia,NT $550,200 grams,550,7.054798145,77.961125,62,82,
Itumpi Tanzania,94,"Madison, Wisconsin","Mbozi District, Songwe Region, Tanzania",Medium-Light,59/81,$22.00/12 ounces,Tanzania,$22.00 ,12 ounces,22,12,1.833333333,59,81,
Hechi,94,"Taipei, Taiwan","Sidamo growing region, southern Ethiopia",Light,60/86,NT $330/8 ounces,southern Ethiopia,NT $330,8 ounces,330,8,41.25,60,86,
Yunlin Natural Geisha,94,"Yunlin, Taiwan","Yunlin, Taiwan",Light,60/84,NT $600/4 ounces,Taiwan,NT $600,4 ounces,600,4,150,60,84,
Peru Washed Cusco Buena Vista Soola SL09,94,"Chia-Yi, Taiwan","Cusco, Peru",Medium-Light,58/77,NT $300/4 ounces,Peru,NT $300,4 ounces,300,4,75,58,77,
Colombia Natural Huila Eulises Guzman,94,"Chia-Yi, Taiwan","Huila Department, Colombia",Medium-Light,60/80,NT $350/8 ounces,Colombia,NT $350,8 ounces,350,8,43.75,60,80,
In Bloom,94,"Jersey City, New Jersey",Colombia; Ethiopia,Light,64/88,$25.00/250 grams,Colombia; Ethiopia,$25.00 ,250 grams,25,8.818497681,2.83495,64,88,
Ethiopia Guji Grape GildVine Natural G1,94,"Tainan, Taiwan","Guji Zone, Oromia region, southern Ethiopia",Light,67/88,NT $500/227 grams,southern Ethiopia,NT $500,227 grams,500,8.007195894,62.4438326,67,88,
Guatemala Washed Finca El General Gesha,94,"Chia-Yi, Taiwan","Acatenango, Chimaltenango, Guatemala",Medium-Light,58/77,NT $420/4 ounces,Guatemala,NT $420,4 ounces,420,4,105,58,77,
Ethiopia Gesha Village Lot 108,94,"Jersey City, New Jersey","Bench-Maji Zone, southern Ethiopia",Light,66/89,$30.00/50 grams,southern Ethiopia,$30.00 ,50 grams,30,1.763699536,17.0097,66,89,
Pantan Musara Sumatra,94,"Madison, Wisconsin","Aceh Province, Sumatra, Indonesia",Medium-Light,57/80,$23.00/12 ounces,Indonesia,$23.00 ,12 ounces,23,12,1.916666667,57,80,
Colombia Red Sunset,94,"Lexington, Virginia","Santa Barbara, Antioquia Department, Colombia",Light,60/84,$27.00/12 ounces,Colombia,$27.00 ,12 ounces,27,12,2.25,60,84,
Ethiopia Sidama  Bombe Natural,94,"Taitung, Taiwan","Sidamo growing region, southern Ethiopia",Light,61/85,NT $350/200 grams,southern Ethiopia,NT $350,200 grams,350,7.054798145,49.611625,61,85,
Ethiopia Sidama Bensa Shantawene Gatta Kenean Dukamo Anaerobic Natural G1,94,"Taichung, Taiwan","Bensa district, Sidama Zone, southern Ethiopia",Light,66/89,NT $720/8 ounces,southern Ethiopia,NT $720,8 ounces,720,8,90,66,89,
Ethiopia Guji Bishala G1 Red Honey,94,"Taichung, Taiwan","Guji Zone, Oromia region, southern Ethiopia",Medium-Light,58/80,NT $460/8 ounces,southern Ethiopia,NT $460,8 ounces,460,8,57.5,58,80,
Kenya Kii,94,"San Diego, California","Kirinyaga County, Kenya",Medium-Light,58/82,$26.00/250 grams,Kenya,$26.00 ,250 grams,26,8.818497681,2.948348,58,82,
Ethiopia Faysel Abdosh,94,"Fort Wayne, Indiana","Chericho, Sidamo growing region, Ethiopia",Light,64/88,$20.00/12 ounces,Ethiopia,$20.00 ,12 ounces,20,12,1.666666667,64,88,
Costa Rica Las Lajas SL-28 Natural,94,"Durango, Colorado","Sabanilla de Alajuela growing region, Costa Rica",Light,58/84,$30.00/12 ounces,Costa Rica,$30.00 ,12 ounces,30,12,2.5,58,84,
Ethiopia Sidama Bensa Alo Single Variety 74158 Natural,94,"New Taipei City, Taiwan","Sidamo growing region, southern Ethiopia",Light,66/88,NT $840/113 grams,southern Ethiopia,NT $840,113 grams,840,3.985960952,210.739646,66,88,
Guatemala El Soccoro Maracaturra Washed,94,"Baronett, Wisconsin","Palencia, Guatemala Department, Guatemala",Medium-Light,60/78,$20.00/12 ounces,Guatemala,$20.00 ,12 ounces,20,12,1.666666667,60,78,
Ethiopia Yirgacheffe Misty Valley Aricha Washed G1,94,"Taipei, Taiwan","Yirgacheffe growing region, south-central Ethiopia",Light,65/93,NT $339/8 ounces,south-central Ethiopia,NT $339,8 ounces,339,8,42.375,65,93,
Taiwan COE #3 Alishan Zhou Zhu Yuan Geisha Natural,94,"Yilan, Taiwan","Alishan, Taiwan",Light,62/80,"NT $2,700/100 grams",Taiwan,"NT $2,700",100 grams,2700,3.527399072,765.4365,62,80,
Guatemala Finca El General Bourbon Honey Espresso,94,"Chia-Yi, Taiwan","Acatenango, Chimaltenango, Guatemala",Medium-Light,56/76,NT $420/4 ounces,Guatemala,NT $420,4 ounces,420,4,105,56,76,
Panama Renaissance Series Flora Geisha Washed,94,"Taipei, Taiwan","Boquete growing region, western Panama",Light,68/94,NT $800/227 grams,western Panama,NT $800,227 grams,800,8.007195894,99.91013216,68,94,
Ethiopia Agaro Duromina,94,"San Diego, California","Agaro Duromina, Jimma Zone, Oromia State, Ethiopia",Medium-Light,59/79,$22.00/12 ounces,Ethiopia,$22.00 ,12 ounces,22,12,1.833333333,59,79,
Costa Rica La Candelilla Geisha,94,"Floyd, Virginia","Tarrazu, Costa Rica",Light,62/84,$35.00/12 ounces,Costa Rica,$35.00 ,12 ounces,35,12,2.916666667,62,84,
Costa Rica San Diego,94,"Fort Wayne, Indiana","Tarrazu, Costa Rica",Medium-Light,57/77,$22.00/12 ounces,Costa Rica,$22.00 ,12 ounces,22,12,1.833333333,57,77,
Granate,94,"Satipo Province, Peru","Llayla District, Satipo Province, Peru",Medium-Light,57/79,$13.50/250 grams,Peru,$13.50 ,250 grams,13.5,8.818497681,1.530873,57,79,
Ethiopia Bench-Maji Lucy Geisha Anaerobic Natural,94,"Kaohsiung, Taiwan","Bench-Maji Zone, southern Ethiopia",Light,64/88,NT $300/100 grams,southern Ethiopia,NT $300,100 grams,300,3.527399072,85.0485,64,88,
Guatemala Acatenango Geisha,94,"Tiachung, Taiwan","Acatenango growing region, Guatemala",Medium-Light,59/79,NT $1200/227 grams,Guatemala,NT $1200,227 grams,1200,8.007195894,149.8651982,59,79,
Yemen Ismaili,94,"Taichung, Taiwan","Bani Ismail District, Sana'a, Yemen",Medium-Light,57/81,NT $1200/227 grams,Yemen,NT $1200,227 grams,1200,8.007195894,149.8651982,57,81,
Colombia Manos Juntas Anaerobic Natural,94,"Peoria, Illinois","Cauca Department, Colombia",Light,63/85,$18.00/12 ounces,Colombia,$18.00 ,12 ounces,18,12,1.5,63,85,
True Love Espresso Blend,94,"Chia-Yi, Taiwan",Ethiopia; Guatemala,Medium-Light,57/77,NT $260/8 ounces,Ethiopia; Guatemala,NT $260,8 ounces,260,8,32.5,57,77,
Guatemala Washed Finca La Hermosa Gesha Peaberry,94,"Chia-Yi, Taiwan","Acatenango growing region, Guatemala",Medium-Light,56/84,$21.95/4 ounces,Guatemala,$21.95 ,4 ounces,21.95,4,5.4875,56,84,
El Salvador Finca Plan del Hoyo Microlot,94,"Peoria, Illinois","Llamatepec, Apaneca growing region, El Salvador",Medium-Light,60/77,$16.00/12 ounces,El Salvador,$16.00 ,12 ounces,16,12,1.333333333,60,77,
Ethiopia JemJem,94,"Ashland, Oregon","Wenago district, Gedeo Zone, SNNPR, Ethiopia",Light,62/80,$24.00/12 ounces,Ethiopia,$24.00 ,12 ounces,24,12,2,62,80,
Ethiopia Sidama G4 Wamena Natural Espresso,94,"Yilan, Taiwan","Guji Zone, Oromia Region, southern Ethiopia",Medium-Light,59/81,NT $580/454 grams,southern Ethiopia,NT $580,454 grams,580,16.01439179,36.21742291,59,81,
Kenya Nyeri Kianjogu AA TOP Washed,94,"Taipei, Taiwan","Nyeri growing region, south-central Kenya",Light,62/82,NT $400/8 ounces,south-central Kenya,NT $400,8 ounces,400,8,50,62,82,
Rainy Season in Fort Zeelandia Espresso Blend,94,"Chia-Yi, Taiwan",Ethiopia; Honduras; Kenya; Guatemala,Medium-Light,56/74,NT $320/8 ounces,Ethiopia; Honduras; Kenya; Guatemala,NT $320,8 ounces,320,8,40,56,74,
Ethiopia Natural Sidama Karamo Niguse Gemeda 74158,94,"Chia-Yi, Taiwan","Sidamo growing region, southern Ethiopia",Light,62/84,NT $310/8 ounces,southern Ethiopia,NT $310,8 ounces,310,8,38.75,62,84,
Ethiopia Washed Kaffa Lot Taco,94,"Chia-Yi, Taiwan","Gimbo, Kaffa Province, Ethiopia",Light,64/82,NT $250/8 ounces,Ethiopia,NT $250,8 ounces,250,8,31.25,64,82,
Ethiopia Washed Kaffa Lot Rich Espresso,94,"Chia-Yi, Taiwan","Gimbo, Kaffa Province, Ethiopia",Medium-Light,58/78,NT $200/8 ounces,Ethiopia,NT $200,8 ounces,200,8,25,58,78,
Ethiopia Sidama Bombe Tadisa,94,"Taichung, Taiwan","Bombe mountains, Sidamo Region, southern Ethiopia",Light,68/90,NT $390/200 grams,southern Ethiopia,NT $390,200 grams,390,7.054798145,55.281525,68,90,
Dragon Strong Espresso,94,"Taoyuan, Taiwan",Ethiopia; Kenya; Colombia; Costa Rica,Medium,45/62,NT $650/227 grams,Ethiopia; Kenya; Colombia; Costa Rica,NT $650,227 grams,650,8.007195894,81.17698238,45,62,
Kenya Nyeri Hill,94,"Lexington, Virginia","Nyeri growing region, south-central Kenya",Light,62/80,$22.00/12 ounces,south-central Kenya,$22.00 ,12 ounces,22,12,1.833333333,62,80,
Ethiopia Yirgacheffe Chelchele Washed G1,94,"Taipei, Taiwan","Gedeo Zone, SNNPR, southern Ethiopia",Light,62/86,NT $329/8 ounces,southern Ethiopia,NT $329,8 ounces,329,8,41.125,62,86,
Colombia El Paraiso Lychee Rose,94,"Yilan, Taiwan","Piendamó, Cauca Department, Colombia",Light,65/87,NT $500/100 grams,Colombia,NT $500,100 grams,500,3.527399072,141.7475,65,87,
Colombia Cauca Castillo K-01,94,"San Diego, California","Cauca Department, Colombia",Medium-Light,59/82,$36.00/8 ounces,Colombia,$36.00 ,8 ounces,36,8,4.5,59,82,
Guatemala Finca Al Bosque,94,"Charlotte, North Carolina","Huehuetenango, Guatemala",Medium-Light,60/78,$19.00/12 ounces,Guatemala,$19.00 ,12 ounces,19,12,1.583333333,60,78,
Colombia Luna Azul,94,"Dallas, Texas","Antioquia, Colombia",Light,66/88,$25.00/12 ounces,Colombia,$25.00 ,12 ounces,25,12,2.083333333,66,88,
Colombia Wilton Benitez Orange Bourbon,94,"Chicago, Illinois","Piendamó, Cauca Department, Colombia",Light,62/84,$51.00/8 ounces,Colombia,$51.00 ,8 ounces,51,8,6.375,62,84,
Colombia Limited Release 2024,94,"Conway, Arkansas","Cundinamarca Department, central Colombia",Light,66/83,$24.00/8 ounces,central Colombia,$24.00 ,8 ounces,24,8,3,66,83,
Colombia El Diviso,94,"Taichung, Taiwan","Huila Department, Colombia",Light,75/90,NT $900/8 ounces,Colombia,NT $900,8 ounces,900,8,112.5,75,90,
Rwanda Rambagirakawa,94,"Sacramento, California","Gakenke District, Rwanda",Medium-Light,59/77,$26.00/12 ounces,Rwanda,$26.00 ,12 ounces,26,12,2.166666667,59,77,
Java Argopuro Mountain Natural SOE,94,"Sacramento, California","Argopuro Mountain, Java, Indonesia",Medium-Light,56/79,$27.00/12 ounces,Indonesia,$27.00 ,12 ounces,27,12,2.25,56,79,
Palo de Rosa Pink Bourbon Colombia,94,"Madison, Wisconsin","La Argentina, Huila Department, Colombia",Medium-Light,61/79,$22.00/8 ounces,Colombia,$22.00 ,8 ounces,22,8,2.75,61,79,
La Papaya Pacamara Natural Ecuador,94,"Madison, Wisconsin","Saraguro, Loja, Ecuador",Light,60/84,$22.00/8 ounces,Ecuador,$22.00 ,8 ounces,22,8,2.75,60,84,
Reserve Costa Rica Don Noel SL28,94,"Buffalo, New York","West Valley, Costa Rica",Light,60/82,$28.00/12 ounces,Costa Rica,$28.00 ,12 ounces,28,12,2.333333333,60,82,
Colombia Lychee Co-Ferment,94,"Billings, Montana","Ciudad Bolivar, Antioquia, Colombia",Medium-Light,59/81,$33.75/12 ounces,Colombia,$33.75 ,12 ounces,33.75,12,2.8125,59,81,
Colombia La Esperanza Red Bourbon,94,"Charlotte, North Carolina","Huila Department, Colombia",Light,64/82,$19.00/12 ounces,Colombia,$19.00 ,12 ounces,19,12,1.583333333,64,82,
Ethiopia Growers Reserve Gesha Village Gaylee Special Fermentation,94,"Taichung, Taiwan","Bench Maji Zone, southern Ethiopia",Light,65/85,NT $900/227 grams,southern Ethiopia,NT $900,227 grams,900,8.007195894,112.3988987,65,85,
Kenya Nyeri Hill Estate AA Top Espresso,94,"Chia-Yi, Taiwan","Nyeri growing region, south-central Kenya",Medium-Light,60/80,NT $290/8 ounces,south-central Kenya,NT $290,8 ounces,290,8,36.25,60,80,
Kagunyu Kenya,94,"Madison, Wisconsin","Nyeri County, Kenya",Medium-Light,60/78,$22.00/12 ounces,Kenya,$22.00 ,12 ounces,22,12,1.833333333,60,78,
Finca Vista Hermosa Edwin’s Reserve Guatemala,94,"San Diego, California","Huehuetenango, Guatemala",Light,63/81,$21.34/12ounces,Guatemala,$21.34 ,12ounces,21.34,12,1.778333333,63,81,
Ethiopia Black Honey Guji Wate Lot Tabby,94,"Chia-Yi, Taiwan","Guji Zone, Oromia Region, southern Ethiopia",Light,63/81,NT $340/8 ounces,southern Ethiopia,NT $340,8 ounces,340,8,42.5,63,81,
Hey Much Espresso Blend,94,"Chia-Yi, Taiwan",Guatemala; Honduras; Colombia,Medium-Light,56/80,NT $225/8 ounces,Guatemala; Honduras; Colombia,NT $225,8 ounces,225,8,28.125,56,80,
Ethiopia Agaro Duromina,94,"Berkeley, California","Agaro Gera, Jimma Zone, Oromia State, Ethiopia",Medium-Light,58/77,$26.00/12 ounces,Ethiopia,$26.00 ,12 ounces,26,12,2.166666667,58,77,
Kenya Gachika,94,"Fort Wayne, Indiana","Kiamworia, Kiambu County, Kenya",Light,62/80,$21.00/12 ounces,Kenya,$21.00 ,12 ounces,21,12,1.75,62,80,
Ethiopia Sidamo Heidenröslein Anaerobic Washed G1,94,"Zhubei, Taiwan","Bensa District, Sidamo growing region, Ethiopia",Light,67/86,NT $350/227 grams,Ethiopia,NT $350,227 grams,350,8.007195894,43.71068282,67,86,
Putra Gayo Sumatra,94,"Madison, Wisconsin","Aceh Province, Sumatra, Indonesia",Medium-Light,59/77,$23.00/12 ounces,Indonesia,$23.00 ,12 ounces,23,12,1.916666667,59,77,
Kenya Blackberry Honey,94,"Taitung, Taiwan","Rift Valley Province, Kenya",Light,62/80,NT $350/200 grams,Kenya,NT $350,200 grams,350,7.054798145,49.611625,62,80,
Colombia Granja Paraiso 92 Anaerobic Gesha,94,"Chia-Yi, Taiwan","Piendamo, Cauca, Colombia",Light,62/84,NT $450/4 ounces,Colombia,NT $450,4 ounces,450,4,112.5,62,84,
Colombia Chachagüí Mild Roast,94,"Madison, Wisconsin","Chachagüí, Nariño Department, Colombia",Light,64/86,$21.00/12 ounces,Colombia,$21.00 ,12 ounces,21,12,1.75,64,86,
Ethiopia Anaerobic Washed G1 Wild Rose S.O. Sidamo,94,"Taoyuan, Taiwan","Bensa District, Sidamo growing region, Ethiopia",Light,62/83,NT $650/230 grams,Ethiopia,NT $650,230 grams,650,8.113017866,80.11815217,62,83,
Colombia Yellow Geisha Granja Paraiso 92,94,"Hilo, Hawaii","Piendamo, Cauca Department, Colombia",Light,64/84,$40.00/4 ounces,Colombia,$40.00 ,4 ounces,40,4,10,64,84,
Ethiopia Sidama Karamo Anaerobic Natural,94,"Barronett, Wisconsin","Sidamo growing region, south-central Ethiopia",Medium-Light,54/78,$29.00/12 ounces,south-central Ethiopia,$29.00 ,12 ounces,29,12,2.416666667,54,78,
Ethiopia Dame Dabaye,94,"Portland, Maine","Dame Debaye washing station, Guji growing region, south-central Ethiopia",Medium,41/76,$22.00/12 ounces,south-central Ethiopia,$22.00 ,12 ounces,22,12,1.833333333,41,76,
Colombia Granja Paraiso-92 Castillo,94,"Hilo, Hawaii","Cauca Department, Colombia",Light,62/84,$30.00/12 ounces,Colombia,$30.00 ,12 ounces,30,12,2.5,62,84,
Juru Rwanda Rulindo Red Bourbon Honey,94,"Taipei, Taiwan","Cyinzuzi Sector, Rulindo District, Northern Province, Rwanda",Medium,40/67,NT $550/225 grams,Rwanda,NT $550,225 grams,550,7.936647913,69.29877778,40,67,
Colombia Red Fruits Campo Hermosa Edwin Noreña,94,"Columbus, Ohio","Quindio Department, Colombia",Light,62/81,$40.00/12 ounces,Colombia,$40.00 ,12 ounces,40,12,3.333333333,62,81,
Colombia El Diviso Nestor Lasso Sidra Anaerobic Washed,94,"Dali District, Taichung, Taiwan","Huila Department, Colombia",Medium-Light,57/74,NT $800/227 grams,Colombia,NT $800,227 grams,800,8.007195894,99.91013216,57,74,
El Salvador Finca Loma La Gloria Natural Process “Unicorn Lot”,94,"Sacramento, California","El Bálsamo Quetzaltepec growing region, El Salvador",Light,66/97,$20.00/12 ounces,El Salvador,$20.00 ,12 ounces,20,12,1.666666667,66,97,
Kona Espresso Special Selection,94,"Holualoa, Hawaii","Holualoa, North Kona growing district, “Big Island” of Hawai’i",Medium-Light,58/74,$69.95/8 ounces,“Big Island” of Hawai’i,$69.95 ,8 ounces,69.95,8,8.74375,58,74,
Colombia Buenavista Ataraxia Geisha,94,"Taipei, Taiwan","Huila Department, Colombia",Medium,50/65,$10.00/4 ounces,Colombia,$10.00 ,4 ounces,10,4,2.5,50,65,
Colombia Finca La Secreta Lychee Caturra Anaerobic,94,"Barronett, Wisconsin","Ciudad Bolivar, Antioquia, Colombia",Light,62/84,$30/ 12 ounces,Colombia,$30 , 12 ounces,30,12,2.5,62,84,
Kenya Kichwa Tembo,94,"Chicago, Illinois",Kenya,Medium-Light,59/81,$28.00/12 ounces,Kenya,$28.00 ,12 ounces,28,12,2.333333333,59,81,
Asobombo Colombia,94,"Madison, Wisconsin","Pitalito, Huila Department, Colombia",Light,63/85,$20.00/12 ounces,Colombia,$20.00 ,12 ounces,20,12,1.666666667,63,85,
Colombia Caldas Twilight Geisha Natural,94,"Tainan City, Taiwan","Caldas, Colombia",Light,58/86,NT $750/227 grams,Colombia,NT $750,227 grams,750,8.007195894,93.6657489,58,86,
Ethiopia Moonlight Delight Wine Process Natural,94,"Tainan City, Taiwan","Guji Zone, Oromia Region, southern Ethiopia",Light,66/88,NT $750/227 grams,southern Ethiopia,NT $750,227 grams,750,8.007195894,93.6657489,66,88,
Colombia Tabi La Roca,94,"Chicago, Illinois","Armenia, Quindio Department, Colombia",Light,57/87,$51.00/12 ounces,Colombia,$51.00 ,12 ounces,51,12,4.25,57,87,
Nyeri Hill Kenya,94,"Madison, Wisconsin","Nyeri growing region, south-central Kenya",Medium-Light,58/76,$23.00/12 ounces,south-central Kenya,$23.00 ,12 ounces,23,12,1.916666667,58,76,
Peru Black Honey Los Santos Farm Gesha,94,"Chia-Yi, Taiwan","Lonya Grande, Utcubamba Province, Peru",Light,64/88,NT $410/8 ounces,Peru,NT $410,8 ounces,410,8,51.25,64,88,
Ethiopia Guji Bule Hambela TOH#1,94,"Taipei, Taiwan","Guji Zone, Oromia Region, southern Ethiopia",Medium-Light,57/76,NT $599/8 ounces,southern Ethiopia,NT $599,8 ounces,599,8,74.875,57,76,
Ethiopia Yirgacheffe Kochere Halo Hartume Washed G1,94,"Taipei, Taiwan","Yirgacheffe growing region, south-central Ethiopia",Light,64/86,NT $560/220 grams,south-central Ethiopia,NT $560,220 grams,560,7.760277959,72.16236364,64,86,
Ethiopia Mulish,94,"Sacramento, California","Guji Zone, Oromia region, Ethiopia",Medium-Light,58/78,$25.50/12 ounces,Ethiopia,$25.50 ,12 ounces,25.5,12,2.125,58,78,
Colombia Wilton Benitez Yellow Bourbon,94,"Jersey City, New Jersey","Piendamó, Cauca Department, Colombia",Light,65/90,$31.00/250 grams,Colombia,$31.00 ,250 grams,31,8.818497681,3.515338,65,90,
Colombia Wilton Benitez Red Bourbon,94,"Jersey City, New Jersey","Piendamó, Cauca Department, Colombia",Light,66/88,$31.00/250 grams,Colombia,$31.00 ,250 grams,31,8.818497681,3.515338,66,88,
Ethiopia Guji Narcissus Washed G1,94,"Tainan, Taiwan","Guji Zone, Oromia region, southern Ethiopia",Light,63/82,NT $580/227 grams,southern Ethiopia,NT $580,227 grams,580,8.007195894,72.43484581,63,82,
Kona Maragogype,94,"Pahala, Hawaii","Pahala, Hawaii",Medium-Light,56/76,$37.00/7 ounces,Hawaii,$37.00 ,7 ounces,37,7,5.285714286,56,76,
Ethiopia Bench-Maji Lucy Geisha,94,"Taitung, Taiwan","Bench-Maji Zone, Southern Ethiopia",Light,66/84,NT $380/200 grams,Southern Ethiopia,NT $380,200 grams,380,7.054798145,53.86405,66,84,
Ethiopia Guji Rosechee Washed G1,94,"Tainan, Taiwan","Guji Zone, Oromia region, southern Ethiopia",Light,66/88,NT $600/227 grams,southern Ethiopia,NT $600,227 grams,600,8.007195894,74.93259912,66,88,
Ethiopia Sidama Bensa,94,"Taitung, Taiwan","Sidamo growing region, southern Ethiopia",Light,65/87,NT $350/200 grams,southern Ethiopia,NT $350,200 grams,350,7.054798145,49.611625,65,87,
Colombia El Vergel #1,94,"Plymouth, Massachusetts","Huila Department, Colombia",Light,64/86,$15.00/12 ounces,Colombia,$15.00 ,12 ounces,15,12,1.25,64,86,
Ethiopia Yirgacheffe Huke Premium Natural G1,94,"Barronett, Wisconsin","Yirgacheffe growing region, south-central Ethiopia",Light,62/80,$21.00/12 ounces,south-central Ethiopia,$21.00 ,12 ounces,21,12,1.75,62,80,
Ecuador Galo Morales,94,"Fort Wayne, Indiana","San Jose de Minas, Pichincha, Ecuador",Light,64/86,$20.00/.8 ounces,Ecuador,$20.00 ,.8 ounces,20,8,2.5,64,86,
Ethiopia Yirgacheffe Lalisa Black Honey TOH#2,94,"Taipei, Taiwan","Gedeb District, Gedeo Zone, Ethiopia",Light,66/90,NT $449/8 ounces,Ethiopia,NT $449,8 ounces,449,8,56.125,66,90,
Ethiopia Bench-Maji Lucy Station Geisha Washed,94,"Taipei, Taiwan","Bench-Maji Zone, southern Ethiopia",Light,64/84,NT $339/8 ounces,southern Ethiopia,NT $339,8 ounces,339,8,42.375,64,84,
Kenya Gachatha AA Top,94,"Taipei, Taiwan","Nyeri growing region, south-central Kenya",Light,62/80,NT $309/8 ounces,south-central Kenya,NT $309,8 ounces,309,8,38.625,62,80,
Colombia Fruit Loops Gesha Washed,94,"Long Island City, New York","Huila Department, Colombia",Light,65/89,$37.99/6 ounces,Colombia,$37.99 ,6 ounces,37.99,6,6.331666667,65,89,
Costa Rica Tarrazú Tirra,94,"Fort Wayne, Indiana","San Marcos, Tarrazú growing region, Costa Rica",Medium-Light,58/82,$24.00/12 ounces,Costa Rica,$24.00 ,12 ounces,24,12,2,58,82,
Ethiopia Washed Bench Maji Baby Lucy Gesha,94,"Chia-Yi, Taiwan","Bench Maji Zone, southern Ethiopia",Light,64/86,NT $300/8 ounces,southern Ethiopia,NT $300,8 ounces,300,8,37.5,64,86,
Panama Clara Finca Auromar,94,"Taipei, Taiwan","Santa Clara, Panama",Medium-Light,60/79,NT 310/8 ounces,Panama,NT 310,8 ounces,310,8,38.75,60,79,
Guatemala Bella Carmona,94,"Fort Wayne, Indiana","Antigua valley, Sacatepequez Department, Guatemala",Medium-Light,57/79,$20.00/12 ounces,Guatemala,$20.00 ,12 ounces,20,12,1.666666667,57,79,
Candy Crush,94,"Caotun, Nantou, Taiwan",Ethiopia,Light,64/86,NT 700/455 grams,Ethiopia,NT 700,455 grams,700,16.04966578,43.61461538,64,86,
Rwanda Humure Abishyizehamwe Low-Oxygen Natural,94,"Durham, North Carolina","Remera Sector, Gatsibo District, Eastern Province, Rwanda",Light,62/84,$27.75/ 12 ounces,Rwanda,$27.75 , 12 ounces,27.75,12,2.3125,62,84,
Colombia Edwin Enrique Noreña / Black Honey Pink Bourbon Mosto & Passionfruit Co-Ferment,94,"Durham, North Carolina","Quindio Department, Colombia",Light,65/86,$33.92/10 ounces (sold as a set of 3/$101.75,Colombia,$33.92 ,10 ounces (sold as a set of 3/$101.75,33.92,10310175,3.29E-06,65,86,
Colombia Edwin Enrique Noreña / Black Honey Watermelon & Lulo Co-Ferment,94,"Durham, North Carolina","Quindio Department, Colombia",Light,64/88,$33.92/10 ounces (sold as a set of 3/$101.75,Colombia,$33.92 ,10 ounces (sold as a set of 3/$101.75,33.92,10310175,3.29E-06,64,88,
Ethiopia Guji Uraga Haro Adama Washed G1,94,"Taipei, Taiwan",Oromia Region; Guji Zone,Light,67/90,NT 279/8 ounces,Oromia Region; Guji Zone,NT 279,8 ounces,279,8,34.875,67,90,
Colombia Linarco Rodriguez Ospina Pink Bourbon Washed 94,94,"Taipei, Taiwan","Palestina, Huila Department, Colombia",Light,62/81,NT 609/8 ounces,Colombia,NT 609,8 ounces,609,8,76.125,62,81,
Guatemala Honey Finca El General Gesha,94,"Chia-Yi, Taiwan","Acatenango, Chimaltenango, Guatemala",Light,62/80,NT 300/4 ounces,Guatemala,NT 300,4 ounces,300,4,75,62,80,
True Love Espresso Blend,94,"Chia-Yi, Taiwan","Ethiopia, Guatemala",Medium-Light,57/77,NT 260/8 ounces,Guatemala,NT 260,8 ounces,260,8,32.5,57,77,
Kenya Gatirima AA,94,"Durham, North Carolina","Kibugu, Embu County, Kenya",Light,66/88,$23.00/12 ounces,Kenya,$23.00 ,12 ounces,23,12,1.916666667,66,88,
Putra Gayo Sumatra,94,"Madison, Wisconsin","Aceh Province, Sumatra, Indonesia",Light,60/88,$23.00/12 ounces,Indonesia,$23.00 ,12 ounces,23,12,1.916666667,60,88,
Ethiopia Washed Sidama Bensa Single Variety 74158,94,"Taipei, Taiwan","Guji Zone, Oromia Region, southern Ethiopia",Light,62/82,NT $600/227 grams,southern Ethiopia,NT $600,227 grams,600,8.007195894,74.93259912,62,82,
Taiwan Natural Meishan Ching-Ye Farm Lot 0116,94,"Chia-Yi, Taiwan","Meishan, Chia-Yi, Taiwan",Light,62/80,NT $400/4 ounces,Taiwan,NT $400,4 ounces,400,4,100,62,80,
Ethiopia Sidama Orange Blossom Washed G1,94,"Tainan City, Taiwan","Sidamo growing region, southern Ethiopia",Light,64/82,NT $500/227 grams,southern Ethiopia,NT $500,227 grams,500,8.007195894,62.4438326,64,82,
Ethiopia Sidamo Bensa Anaerobic Washed,94,"Taipei, Taiwan","Sidamo growing region, southern Ethiopia",Light,59/94,NT $319/12 ounces,southern Ethiopia,NT $319,12 ounces,319,12,26.58333333,59,94,
Colombia La Palma Y Tucán Heroes Series Geisha,94,"Cleveland, Tennessee","Cundinamarca Department, central Colombia",Light,64/97,$28.99/8 ounces,central Colombia,$28.99 ,8 ounces,28.99,8,3.62375,64,97,
Colombia Green Apple Castillo,94,"Chicago, Illinois","Armenia, Quindio Department, Colombia",Light,63/86,$42.00/8 ounces,Colombia,$42.00 ,8 ounces,42,8,5.25,63,86,
Las Margaritas Sudan Rume Natural,94,"Madison, Wisconsin","Caicendonia, Valle Del Cauca, Colombia",Medium-Light,59/82,$40.00/8 ounces,Colombia,$40.00 ,8 ounces,40,8,5,59,82,
Colombia Papayo,94,"San Diego, California","Huila Department, Colombia",Light,62/86,$30.00/12 ounces,Colombia,$30.00 ,12 ounces,30,12,2.5,62,86,
Tanzania Karatu Acacia Hills Geisha Washed AB Espresso,94,"Zhubei, Taiwan","Karatu, Oldeani growing region, Tanzania",Medium-Light,58/80,NT $399/100 grams,Tanzania,NT $399,100 grams,399,3.527399072,113.114505,58,80,
Ethiopia Chelba Natural,94,"Taitung, Taiwan","Chelba Station , Yirgacheffe, Gedeo Zone, SNNPR,Ethiopia",Medium-Light,51/80,NT $350/200 grams,Ethiopia,NT $350,200 grams,350,7.054798145,49.611625,51,80,
Colombia El Jardin Anaerobic Natural,94,"Durango, Colorado","Chinchina, Caldas Department, Colombia",Medium-Light,59/81,$20.95/12 ounces,Colombia,$20.95 ,12 ounces,20.95,12,1.745833333,59,81,
Geisha Spirit,94,"Manassas, Virginia","Tolima Department, Colombia",Medium-Light,58/78,$39.50/12 ounces,Colombia,$39.50 ,12 ounces,39.5,12,3.291666667,58,78,
El Duende Peru,94,"Madison, Wisconsin","Huarango, San Ignacio, Cajamarca growing region, Peru",Medium-Light,58/76,$17.00/12 ounces,Peru,$17.00 ,12 ounces,17,12,1.416666667,58,76,
Ethiopia Kayon Mountain,94,"Tucson, Arizona","Odo Shakiso District, Guji Zone, southern Ethiopia",Medium-Light,60/78,$20.00/12 ounces,southern Ethiopia,$20.00 ,12 ounces,20,12,1.666666667,60,78,
Ethiopia Bombe Mountains,94,"Jersey City, New Jersey","Bombe mountains, Sidama Region, southern Ethiopia",Medium-Light,58/76,$25.00/12 ounces,southern Ethiopia,$25.00 ,12 ounces,25,12,2.083333333,58,76,
Kenya Thunguri AA,94,"Los Angeles, California","Kirinyaga District, south-central Kenya",Medium-Light,58/80,$21.95/12 ounces,south-central Kenya,$21.95 ,12 ounces,21.95,12,1.829166667,58,80,
Kenya Kiambu Maua Lot AB,94,"Chia-Yi, Taiwan","Kiambu growing region, south-central Kenya",Medium-Light,60/78,NT $325/8 ounces,south-central Kenya,NT $325,8 ounces,325,8,40.625,60,78,
Kenya Kiambu AB Top Lot,94,"Chia-Yi, Taiwan","Kiambu growing region, south-central Kenya",Medium-Light,54/72,NT $450/227 grams,south-central Kenya,NT $450,227 grams,450,8.007195894,56.19944934,54,72,
El Jardin,94,"Madison, Wisconsin","Antioquia, Colombia",Medium-Light,58/74,$28.00/8 ounces,Colombia,$28.00 ,8 ounces,28,8,3.5,58,74,
Buna Boka #1,94,"Madison, Wisconsin","idamo (also Sidama) growing region, south-central Ethiopia",Medium-Light,60/78,$18.75/12 ounces,south-central Ethiopia,$18.75 ,12 ounces,18.75,12,1.5625,60,78,
Costa Rica Yellow Honey Lot Kinka Bear,94,"Chia-Yi, Taiwan",Costa Rica,Medium-Light,52/70,NT $250/8 ounces,Costa Rica,NT $250,8 ounces,250,8,31.25,52,70,
Ethiopia Natural Guji Kercha Lot Riverside,94,"Chia-Yi, Taiwan","Guji Zone, Oromia Region, southern Ethiopia",Medium-Light,58/78,NT $275/8 ounces,southern Ethiopia,NT $275,8 ounces,275,8,34.375,58,78,
Colombia Hacienda Casablanca,94,"Toronto, Ontario, Canada","Cundinamarca, Colombia",Medium-Light,62/78,US $20.00/12 ounces,Colombia,US $20.00,12 ounces,20,12,1.666666667,62,78,
Hawai’i Puna Anaerobic Washed,94,"Minneapolis, Minnesota","Puna growing region, Big Island of Hawai’i",Medium-Light,58/76,$19.95/4 ounces,Big Island of Hawai’i,$19.95 ,4 ounces,19.95,4,4.9875,58,76,
Ethiopia Yirgacheffe G1 Natural Asfaw Maru,94,"Bozeman, Montana","Yirgacheffe growing region, southern Ethiopia",Medium-Light,52/70,$16.95/12 ounces,southern Ethiopia,$16.95 ,12 ounces,16.95,12,1.4125,52,70,
Costa Rica Cordillera del Fuego,94,"Johns Creek, Georgia","Tarrazu, Costa Rica",Medium-Light,58/76,$29.99/10 ounces,Costa Rica,$29.99 ,10 ounces,29.99,10,2.999,58,76,
Kenya Kirinyaga Kii,94,"Yilan, Taiwan","Kirinyaga District, south-central Kenya",Medium-Light,57/77,NT $500/200 grams,south-central Kenya,NT $500,200 grams,500,7.054798145,70.87375,57,77,
2020 Savage Auction Deborah Carbonic-Macerated Natural Geisha,94,"Chia-Yi, Taiwan","Chiriqui, Boquete growing region, western Panama",Medium-Light,58/74,NT $750/4 ounces,western Panama,NT $750,4 ounces,750,4,187.5,58,74,
Finca San Carlos,94,"Antigua, Guatemala","Antigua growing region, Guatemala",Medium-Light,56/72,$13.00/12 ounces,Guatemala,$13.00 ,12 ounces,13,12,1.083333333,56,72,
Finca Santa Isabel,94,"Antigua, Guatemala","Cobán growing region, Alta Verapaz, Guatemala",Medium-Light,55/73,$13.00/12 ounces,Guatemala,$13.00 ,12 ounces,13,12,1.083333333,55,73,
Sidama Extreme Papilio Washed,94,"Taichung City, Taiwan","Sidamo (also Sidama) growing region, south-central Ethiopia",Medium-Light,59/74,$25.00/12 ounces,south-central Ethiopia,$25.00 ,12 ounces,25,12,2.083333333,59,74,
Ethiopia Sidama Bona Washed G1,94,"Hsinchu, Taiwan","Sidamo (also Sidama) growing region, south-central Ethiopia",Medium-Light,58/78,$29.00/8 ounces,south-central Ethiopia,$29.00 ,8 ounces,29,8,3.625,58,78,
Taiwan Geisha Honey,94,"Minneapolis, Minnesota","Alishan, Taiwan",Light,62/80,$64.95/4 ounces,Taiwan,$64.95 ,4 ounces,64.95,4,16.2375,62,80,
La Esperanza Colombian Natural X.O.,94,"Durango, Colorado","Valle de Cauca, Colombia",Medium-Light,54/70,$16.95/12 ounces,Colombia,$16.95 ,12 ounces,16.95,12,1.4125,54,70,
Ethiopia Dur Feres Natural,94,"Floyd, Virginia","Sidamo (also Sidama) growing region, south-central Ethiopia",Medium-Light,60/78,$18.99/12 ounces,south-central Ethiopia,$18.99 ,12 ounces,18.99,12,1.5825,60,78,
Holiday Coffee,94,"Holualoa, Hawai’i","Holualoa, North Kona growing district, “Big Island” of Hawai’i",Medium-Light,54/74,$39.95/8 ounces,“Big Island” of Hawai’i,$39.95 ,8 ounces,39.95,8,4.99375,54,74,
Kenya Kirinyaga Kabare Karani AA,94,"Toronto, Ontario, Canada","Kirinyaga District, south-central Kenya",Medium-Light,60/78,CAD $22.00/225 grams,south-central Kenya,CAD $22.00,225 grams,22,7.936647913,2.771951111,60,78,
Kenya Rungeto,94,"Carlsbad, California","Kirinyaga District, south-central Kenya",Medium-Light,56/72,$23.00/12 ounces,south-central Kenya,$23.00 ,12 ounces,23,12,1.916666667,56,72,
Shantawene Ethiopia Daya Bensa Natural,94,"San Diego, California","Sidamo (also Sidama) growing region, south-central Ethiopia",Light,62/80,$19.00/12 ounces,south-central Ethiopia,$19.00 ,12 ounces,19,12,1.583333333,62,80,
Ethiopia Kayon Mountain,94,"Lexington, Virginia","Odo Shakiso District, Guji Zone, southern Ethiopia",Medium-Light,60/78,$19.95/12 ounces,southern Ethiopia,$19.95 ,12 ounces,19.95,12,1.6625,60,78,
Kenya Gicherori,94,"Sacramento, California","Embu, Kenya",Medium-Light,58/78,$23.50/12 ounces,Kenya,$23.50 ,12 ounces,23.5,12,1.958333333,58,78,
Flight Seasonal Espresso,94,"Floyd, Virginia",Ethiopia,Medium-Light,58/80,$18.49/12 ounces,Ethiopia,$18.49 ,12 ounces,18.49,12,1.540833333,58,80,
Kenya Gatuya,94,"Truckee, California","Murang'a County, central Kenya",Medium-Light,55/73,$21.00/12 ounces,central Kenya,$21.00 ,12 ounces,21,12,1.75,55,73,
Colombia San Luís Gesha,94,"Johns Creek, Georgia","Tolima, Colombia",Medium-Light,60/76,$24.99/10 ounces,Colombia,$24.99 ,10 ounces,24.99,10,2.499,60,76,
Kenya Karatina AA 2020,94,"Henderson, Nevada","Nyeri growing region, south-central Kenya",Medium-Light,58/76,$24.00/12 ounces,south-central Kenya,$24.00 ,12 ounces,24,12,2,58,76,
Ethiopia Yirgacheffe Natural Farm Direct,94,"Henderson, Nevada","Yirgacheffe growing region, south-central Ethiopia",Medium-Light,58/76,$22.00/12 ounces,south-central Ethiopia,$22.00 ,12 ounces,22,12,1.833333333,58,76,
Indonesia Lintong Mandheling,94,"Taipei, Taiwan","Lintong growing region, North Sumatra Province, Indonesia",Medium-Light,58/78,NT $450/225 grams,Indonesia,NT $450,225 grams,450,7.936647913,56.699,58,78,
Black Swan Blend,94,"Chia-Yi, Taiwan",Colombia; Guatemala; Ethiopia,Medium-Light,54/70,NT $260/8 ounces,Colombia; Guatemala; Ethiopia,NT $260,8 ounces,260,8,32.5,54,70,
El Salvador Santa Elena Pacamara,94,"Yilan, Taiwan","Chalatenango, El Salvador",Medium-Light,54/70,NT $500/200 grams,El Salvador,NT $500,200 grams,500,7.054798145,70.87375,54,70,
Benti Nenqa #209 Ethiopia,94,"Madison, Wisconsin","Guji Zone, Oromia Region, southern Ethiopia",Medium-Light,60/78,$18.75/12 ounces,southern Ethiopia,$18.75 ,12 ounces,18.75,12,1.5625,60,78,
Kona Pink Honey Black Rock Farm,94,"Minneapolis, Minnesota","Kona, Big Island of Hawai’i",Medium-Light,58/78,$24.95/4 ounces,Big Island of Hawai’i,$24.95 ,4 ounces,24.95,4,6.2375,58,78,
Kenya AA Top Gatomboya,94,"Martinez, California","Nyeri growing region, south-central Kenya",Medium-Light,54/72,$12.00/8 ounces,south-central Kenya,$12.00 ,8 ounces,12,8,1.5,54,72,
Yellow Caturra (special lot),94,"Ka'u, Hawaii","Ka’u growing region, Big island of Hawai’i",Medium-Light,56/70,$15.00/4 ounces,Big island of Hawai’i,$15.00 ,4 ounces,15,4,3.75,56,70,
Panama Boquete Torre Lot #1 Geisha Honey,94,"Kaohsiung, Taiwan","Boquete, Panama",Light,62/80,NT $2500/100 grams,Panama,NT $2500,100 grams,2500,3.527399072,708.7375,62,80,
Ethiopia Sidamo Natural Twakok G1,94,"Kaohsiung, Taiwan","Sidamo (also Sidama) growing region, south-central Ethiopia",Medium-Light,52/72,NT $550/230 grams,south-central Ethiopia,NT $550,230 grams,550,8.113017866,67.79228261,52,72,
Colombia Asobombo Inza,94,"Bedford, New Hampshire","Cauca, Colombia",Light,62/84,$16.00/12 ounces,Colombia,$16.00 ,12 ounces,16,12,1.333333333,62,84,
Ethiopia Reko Yirgacheffe,94,"Sacramento, California","Yirgacheffe growing region, Ethiopia",Medium-Light,60/76,$20.50/12 ounces,Ethiopia,$20.50 ,12 ounces,20.5,12,1.708333333,60,76,
Rhapsody of Dreams,94,"Chia-Yi City, Taiwan","Kenya, Colombia",Medium-Light,58/74,NT $450/227 grams,Colombia,NT $450,227 grams,450,8.007195894,56.19944934,58,74,
Ethiopia Banko Gotiti,94,"Topeka, Kansas","Kochere, Yirgacheffe growing region, south-central Ethiopia",Medium-Light,60/78,$19.50/12 ounces,south-central Ethiopia,$19.50 ,12 ounces,19.5,12,1.625,60,78,
Ethiopia Yabitu Koba,94,"Santa Rosa Beach, Florida","Guji Zone, southern Ethiopia",Medium-Light,58/78,$20.00/12 ounces,southern Ethiopia,$20.00 ,12 ounces,20,12,1.666666667,58,78,
Ethiopia Banko Gotiti,94,"San Diego, California","Kochere, Yirgacheffe growing region, south-central Ethiopia",Medium-Light,57/77,$20.00/12 ounces,south-central Ethiopia,$20.00 ,12 ounces,20,12,1.666666667,57,77,
Heart & Soul Espresso Blend,94,"Martinez, California",Guatemala; Ethiopia,Medium,50/70,$12.00/8 ounces,Guatemala; Ethiopia,$12.00 ,8 ounces,12,8,1.5,50,70,
Kenya AA FAQ,94,"Yilan, Taiwan",Kenya,Medium-Light,60/77,NT $330/200 grams,Kenya,NT $330,200 grams,330,7.054798145,46.776675,60,77,
Ethiopia Yirgacheffe Natural Haru Suke G1,94,"Chia-Yi, Taiwan","Gedeo, Yirgacheffe growing region, south-central Ethiopia",Medium-Light,60/80,NT $310/8 ounces,south-central Ethiopia,NT $310,8 ounces,310,8,38.75,60,80,
Ethiopia Kayon Mountain (Washed),94,"Floyd, Virginia","Odo Shakiso District, Guji Zone, southern Ethiopia",Light,62/88,$18.49/12 ounces,southern Ethiopia,$18.49 ,12 ounces,18.49,12,1.540833333,62,88,
Panama Finca Santa Teresa Lot 9,94,"Reno, Nevada","Volcan growing region, western Panama",Medium-Light,60/78,$20.00/12 ounces,western Panama,$20.00 ,12 ounces,20,12,1.666666667,60,78,
Ka’u Pink Honey,94,"Minneapolis, Minnesota","Ka'u District, Big Island of Hawai’i",Light,64/84,$24.95/4 ounces,Big Island of Hawai’i,$24.95 ,4 ounces,24.95,4,6.2375,64,84,
Panama Pacamara Natural,94,"Lloydminster, Saskatchewan, Canada","Volcan growing region, western Panama",Medium-Light,52/70,CAD $50/200 grams,western Panama,CAD $50,200 grams,50,7.054798145,7.087375,52,70,
Ethiopia Gera Limu,94,"Sacramento, California","Oromia growing region, southern Ethiopia",Medium-Light,58/80,$19.00/12 ounces,southern Ethiopia,$19.00 ,12 ounces,19,12,1.583333333,58,80,
Ethiopia Suke Quto Single-Origin Espresso,94,"Sacramento, California","Guji Zone, Oromia Region, south-central Ethiopia",Medium-Light,52/72,$19.00/12 ounces,south-central Ethiopia,$19.00 ,12 ounces,19,12,1.583333333,52,72,
Harimau Tiger Sumatra,94,"Madison, Wisconsin","Aceh Province, Sumatra, Indonesia",Medium-Light,54/74,$17.00/12 ounces,Indonesia,$17.00 ,12 ounces,17,12,1.416666667,54,74,
Kenya Kirinyaga Baragwi Karumandi AA,94,"Durango, Colorado",South-central Kenya,Medium-Light,54/74,$16.95/12 ounces,South-central Kenya,$16.95 ,12 ounces,16.95,12,1.4125,54,74,
Kenya Nyeri,94,"Taipei, Taiwan","Nyeri growing region, south-central Kenya",Medium-Light,60/78,NT $650/225 grams,south-central Kenya,NT $650,225 grams,650,7.936647913,81.89855556,60,78,
Taiwan Songyue Geisha,94,"Osaka, Japan","Yunlin, Taiwan",Light,79/92,"¥ 2,640/50 grams",Taiwan,"¥ 2,640",50 grams,2640,1.763699536,1496.8536,79,92,
Ethiopia Halo Hartume Daniel Mijane,94,"Reno, Nevada","Yirgacheffe growing region, southern Ethiopia",Medium-Light,58/78,$19.00/12 ounces,southern Ethiopia,$19.00 ,12 ounces,19,12,1.583333333,58,78,
Guatemala Cobán Chicoj Cooperative Red Honey Fair Trade,94,"Yilan, Taiwan","Cobán growing region, central Guatemala",Medium-Light,58/78,NT $320/200 grams,central Guatemala,NT $320,200 grams,320,7.054798145,45.3592,58,78,
Peru Buena Vista Valerio Almanza Ccahua,94,"Manlius, New York","Cusco, Peru",Medium-Light,60/78,$27.00/8 ounces,Peru,$27.00 ,8 ounces,27,8,3.375,60,78,
Colombia La Gallera Estate,94,"Chia-Yi, Taiwan","Tolima Department, Colombia",Light,64/84,NT $620/8 ounces,Colombia,NT $620,8 ounces,620,8,77.5,64,84,
Ethiopia Neja Fadil,94,"San Diego, California","Guji Zone, Oromia Region, southern Ethiopia",Medium-Light,58/78,$20.00/12 ounces,southern Ethiopia,$20.00 ,12 ounces,20,12,1.666666667,58,78,
Colombia Pink Bourbon Finca El Chaparote,94,"Minneapolis, Minnesota","Huila Department, Colombia",Light,64/82,$14.95/6 ounces,Colombia,$14.95 ,6 ounces,14.95,6,2.491666667,64,82,
Kona Uluwehi SL34,94,"Minneapolis, Minnesota","Holualoa, Kona, Big Island of Hawai’i",Medium-Light,60/80,$29.95/4 ounces,Big Island of Hawai’i,$29.95 ,4 ounces,29.95,4,7.4875,60,80,
Aged Sumatra Ulos Batak 2015,94,"Minneapolis, Minnesota","Lintong growing region, Sumatra, Indonesia",Medium,45/63,$18.95/12 ounces,Indonesia,$18.95 ,12 ounces,18.95,12,1.579166667,45,63,
Twisted V.6 Espresso,94,"Madison, Wisconsin",South America; Central America; Africa,Medium-Light,54/74,$15.75/12 ounces,South America; Central America; Africa,$15.75 ,12 ounces,15.75,12,1.3125,54,74,
Costa Rica Aris Red Honey Lot 2002 Espresso,94,"Chia-Yi, Taiwan","Central Valley, Costa Rica",Medium-Light,52/70,NT $270/8 ounces,Costa Rica,NT $270,8 ounces,270,8,33.75,52,70,
Ethiopia Gedeo Kochere Reko Natural,94,"Chia-Yi, Taiwan","Yirgacheffe growing region, southern Ethiopia",Light,64/84,$16.00/230 grams,southern Ethiopia,$16.00 ,230 grams,16,8.113017866,1.97213913,64,84,
Colombia Monteblanco Geisha,94,"Harrisonburg, Virginia","Huila Department, Colombia",Light,64/82,$9.99/4 ounces,Colombia,$9.99 ,4 ounces,9.99,4,2.4975,64,82,
Guji Ethiopia Washed,94,"Johns Creek, Georgia","Guji Zone, Oromia Region, southern Ethiopia",Light,62/84,$17.99/12 ounces,southern Ethiopia,$17.99 ,12 ounces,17.99,12,1.499166667,62,84,
Yemen Al Mashtal Al Burhani,94,"Minneapolis, Minnesota","Haraaz growing region, Yemen",Medium-Light,58/78,$24.95/4 ounces,Yemen,$24.95 ,4 ounces,24.95,4,6.2375,58,78,
Kona Maragogype Pink Honey,94,"Minneapolis, Minnesota","Kainaliu, Kona District, Big Island of Hawai’i",Light,64/86,$29.95/4 ounces,Big Island of Hawai’i,$29.95 ,4 ounces,29.95,4,7.4875,64,86,
Colombia Diofanor Ruiz,94,"Hong Kong, China","Quindío Department, Colombia",Medium-Light,58/76,$25.00/6 ounces,Colombia,$25.00 ,6 ounces,25,6,4.166666667,58,76,
Ethiopia COE 2nd place Washed Sidamo Rumudamo,94,"Chia-Yi, Taiwan","Arbegona, Sidama (also Sidamo) growing region, south-central Ethiopia",Medium-Light,60/78,NT $350/20 grams,south-central Ethiopia,NT $350,20 grams,350,0.705479814,496.11625,60,78,
Ethiopia Guji Laayyoo Natural,94,"Minneapolis, Minnesota","Guji Zone, southern Ethiopia",Light,64/82,$24.95/12 ounces,southern Ethiopia,$24.95 ,12 ounces,24.95,12,2.079166667,64,82,
Kenya Washed Peaberry Rnyeusi,94,"Chia-Yi, Taiwan","Central Province, Kenya",Medium-Light,52/74,NT $325/8 ounces,Kenya,NT $325,8 ounces,325,8,40.625,52,74,
Tanzania Shimiligwanda,94,"Lexington, Virginia","Songwe Region, southwestern Tanzania",Light,62/80,$17.95/12 ounces,southwestern Tanzania,$17.95 ,12 ounces,17.95,12,1.495833333,62,80,
Geisha,94,"Captain Cook, Hawaii","North Kona growing district, “Big Island” of Hawai’i",Medium-Light,55/71,$33.00/8 ounces,“Big Island” of Hawai’i,$33.00 ,8 ounces,33,8,4.125,55,71,
Kenya Nyeri,94,"Taipei, Taiwan","Nyeri growing region, south-central Kenya",Medium-Light,57/77,NT $450/225 grams,south-central Kenya,NT $450,225 grams,450,7.936647913,56.699,57,77,
Peru Yanesha Geisha,94,"Kaohsiung City, Taiwan","Pasco Department, Villa Rica, Peru",Medium-Light,61/79,"NT $1,000/8 ounces",Peru,"NT $1,000",8 ounces,1000,8,125,61,79,
Panama Elida ASD Natural,94,"Jersey City, New Jersey","Boquete growing region, western Panama",Light,62/80,$60.00/150 grams,western Panama,$60.00 ,150 grams,60,5.291098608,11.3398,62,80,
Ethiopia Keramo Zero Oxygen Natural,94,"Redding, California","Keramo Village, Sidama Region, Ethiopia",Medium-Light,60/78,$55.00/8 ounces,Ethiopia,$55.00 ,8 ounces,55,8,6.875,60,78,
Taiwan Alishan Zhou-Zhu-Yuan Farm Estate Reserve Washed,94,"Taoyuan, Taiwan","Alishan, Taiwan",Medium,46/64,NT $1100/8 ounces,Taiwan,NT $1100,8 ounces,1100,8,137.5,46,64,
Ethiopia Grade 1 Chelchele,94,"San Diego, California","Yirgacheffe growing region, southern Ethiopia",Light,62/80,$22.00/12 ounces,southern Ethiopia,$22.00 ,12 ounces,22,12,1.833333333,62,80,
Magic Cat Kenya Civet AFCA TOH NO.2 Gatuya Factory New Murarandia AA,94,"Taichung City, Taiwan","Murang'a County, central Kenya",Medium-Light,56/78,USD $206.00/8 ounces,central Kenya,USD $206.00,8 ounces,206,8,25.75,56,78,
Ethiopian Guji Ana Sora Alcoholic Natural G1,94,"Kaohsiung City, Taiwan","Guji Zone, southern Ethiopia",Medium-Light,60/80,NT $300/8 ounces,southern Ethiopia,NT $300,8 ounces,300,8,37.5,60,80,
Colombia Finca La Sirena Mango Co-Ferment,94,"Cleveland, Tennessee","Quindio Department, Colombia",Light,63/87,$22.99/8 ounces,Colombia,$22.99 ,8 ounces,22.99,8,2.87375,63,87,
Coral,94,"Llayla District, Satipo Province, Peru","Llayla District, Satipo Province, Peru",Medium-Light,58/78,$10.00/250 grams,Peru,$10.00 ,250 grams,10,8.818497681,1.13398,58,78,
Guatemala Santa Felisa Solar Eclipse Gesha Natural,94,"Taipei, Taiwan","Acatenango growing region, Guatemala",Light,64/80,NT $620/4 ounces,Guatemala,NT $620,4 ounces,620,4,155,64,80,
Ethiopia Yirgacheffe Dumerso G1 Natural,94,"Bozeman, Montana","Yirgacheffe growing region, southern Ethiopia",Medium-Light,57/73,$18.95/12 ounces,southern Ethiopia,$18.95 ,12 ounces,18.95,12,1.579166667,57,73,
Ethiopia Yirgacheffe Cleopatra Natural,94,"Taipei, Taiwan","Yirgacheffe growing region, southern Ethiopia",Medium-Light,56/76,NT $600/200 grams,southern Ethiopia,NT $600,200 grams,600,7.054798145,85.0485,56,76,
Kenya Nyeri Muchoki Estate AA,94,"Chia-Yi, Taiwan","Nyeri growing region, south-central Kenya",Light,62/80,NT $350/8 ounces,south-central Kenya,NT $350,8 ounces,350,8,43.75,62,80,
Ethiopia Natural Guji Uraga G1 Lot 20-05,94,"Chia-Yi, Taiwan","Guji Zone, Oromia Region, southern Ethiopia",Medium-Light,58/78,NT $375/8 ounces,southern Ethiopia,NT $375,8 ounces,375,8,46.875,58,78,
Kinini Village Rwanda,94,"Topeka, Kansas","Northern Province, Rulindo District, Rwanda",Medium-Light,58/76,$20.00/12 ounces,Rwanda,$20.00 ,12 ounces,20,12,1.666666667,58,76,
Ka’u Yellow Bourbon,94,"Mountain View, Hawaii","Ka’u growing region, Big Island of Hawai'i",Medium-Light,60/78,$33.00/10 ounces,Big Island of Hawai'i,$33.00 ,10 ounces,33,10,3.3,60,78,
Angamaza,94,"Madison, Wisconsin","Conganama, Loja Province, Ecuador",Medium-Light,60/78,$20.00/12 ounces,Ecuador,$20.00 ,12 ounces,20,12,1.666666667,60,78,
Finca La Maria Geisha Natural,94,"Taipei City, Taiwan","Cundinamarca, Colombia",Light,62/80,NT $1300/4 ounces,Colombia,NT $1300,4 ounces,1300,4,325,62,80,
Ethiopia Kayon Mountain (Natural),94,"Floyd, Virginia","Odo Shakiso District, Guji Zone, southern Ethiopia",Light,64/92,$18.99/12 ounces,southern Ethiopia,$18.99 ,12 ounces,18.99,12,1.5825,64,92,
Ethiopia Guji Bishala,94,"Chia-Yi, Taiwan","Guji Zone, Oromia Region, southern Ethiopia",Medium-Light,58/76,NT $290/8 ounces,southern Ethiopia,NT $290,8 ounces,290,8,36.25,58,76,
Colombia Geisha,94,"San Diego, California","Planadas, Tolima, Colombia",Medium-Light,58/76,$24.00/8 ounces,Colombia,$24.00 ,8 ounces,24,8,3,58,76,
Ceri Ceri Meriah Coffee,94,"Jakarta, Indonesia","West Java, Indonesia",Medium-Light,54/72,"IDR $120,000/200 grams",Indonesia,"IDR $120,000",200 grams,120000,7.054798145,17009.7,54,72,
Rukira Kenya,94,"Portland, Oregon","Nyeri growing region, south-central Kenya",Medium-Light,58/80,$15.00/250 grams,south-central Kenya,$15.00 ,250 grams,15,8.818497681,1.70097,58,80,
Kenya Gakundu FCS Kamviu Wet Mill,94,"Toronto, Ontario, Canada","Embu County, Eastern Province, Kenya",Medium-Light,56/78,CAD $21.00/12 ounces,Kenya,CAD $21.00,12 ounces,21,12,1.75,56,78,
Gachami Kenya,94,"Madison, Wisconsin","Kirinyaga District, south-central Kenya",Medium-Light,56/72,$19.20/12 ounces,south-central Kenya,$19.20 ,12 ounces,19.2,12,1.6,56,72,
Ethiopia Natural Yirgacheffe Blue Donkey Lot #2,94,"Chia-Yi, Taiwan","Kochere, Yirgacheffe growing region, south-central Ethiopia",Medium-Light,56/78,NT $300/8 ounces,south-central Ethiopia,NT $300,8 ounces,300,8,37.5,56,78,
Kenya Kiambu AB Uklili 1903 Lot,94,"Chia-Yi, Taiwan","Kiambu growing region, south-central Kenya",Medium-Light,52/70,NT$300/8 ounces,south-central Kenya,NT$300,8 ounces,300,8,37.5,52,70,
Kenya Kiambu Peaberry Uklili 1904 Lot,94,"Chia-Yi, Taiwan","Kiambu growing region, south-central Kenya",Medium,50/68,NT $300/8 ounces,south-central Kenya,NT $300,8 ounces,300,8,37.5,50,68,
Panama Esmeralda Geisha Portón Oro Yeast,94,"Los Angeles, California","Alto Quiel, Panama",Medium-Light,59/77,$69.95/6 ounces,Panama,$69.95 ,6 ounces,69.95,6,11.65833333,59,77,
2019 Celebration,94,"Emeryville, California",Kenya; Guatemala,Medium,47/67,$18.75/12 ounces,Kenya; Guatemala,$18.75 ,12 ounces,18.75,12,1.5625,47,67,
Holiday Blend,94,"Hong Kong, China",Southern Ethiopia,Medium-Light,54/74,$8.00/100 grams,Southern Ethiopia,$8.00 ,100 grams,8,3.527399072,2.26796,54,74,
Alamendah Patuha Coffee,94,"Jakarta, Indonesia","West Java, Indonesia",Medium,50/66,"IDR $120,000/200 grams",Indonesia,"IDR $120,000",200 grams,120000,7.054798145,17009.7,50,66,
Kenya FSC AB,94,"Taichung, Taiwan","Kirinyaga District, south-central Kenya",Medium,50/67,"NT $1,000/100 grams",south-central Kenya,"NT $1,000",100 grams,1000,3.527399072,283.495,50,67,
Indonesia Sumatra Gayo Espresso,94,"Taoyuan City, Taiwan","Gayo (also Aceh) growing region, Aceh Province, northern Sumatra, Indonesia",Dark,36/44,NT $1200/16 ounces,Indonesia,NT $1200,16 ounces,1200,16,75,36,44,
Ethiopia Mulegeta Sintayehu Washed,94,"Yilan, Taiwan","Yirgacheffe growing region, southern Ethiopia",Medium-Light,59/77,NT $500/100 grams,southern Ethiopia,NT $500,100 grams,500,3.527399072,141.7475,59,77,
Giusto Organic Espresso Blend,94,"Lexington, Virginia",Not disclosed,Medium,48/60,$14.25/12 ounces,Not disclosed,$14.25 ,12 ounces,14.25,12,1.1875,48,60,
Halo Hartume Espresso,94,"Madison, Wisconsin","Gedeb District, Gedeo Zone, Ethiopia",Medium-Light,57/77,$17.90/12 ounces,Ethiopia,$17.90 ,12 ounces,17.9,12,1.491666667,57,77,
El Salvador Finca El Cerro Natural,94,"Floyd, Virginia","Apaneca-Ilamatepec Mountain Range, El Salvador",Medium-Light,58/78,$22.99/12 ounces,El Salvador,$22.99 ,12 ounces,22.99,12,1.915833333,58,78,
Panama Hacienda La Esmeralda Geisha Natural Special Auction ES-N-2,94,"Taipei, Taiwan","Boquete, Panama",Medium-Light,54/72,NT $1600/4 ounces,Panama,NT $1600,4 ounces,1600,4,400,54,72,
Ethiopia Violent Andromeda Natural,94,"Taipei, Taiwan","Gedeb District, Gedeo Zone, southern Ethiopia",Medium,48/66,NT $600/200 grams,southern Ethiopia,NT $600,200 grams,600,7.054798145,85.0485,48,66,
Kenya Kiri Peaberry,94,"San Diego, California","Ngiriambu District, Kenya",Medium-Light,56/74,$19.00/12 ounces,Kenya,$19.00 ,12 ounces,19,12,1.583333333,56,74,
Ethiopia Sidama Anaerobic,94,"Minneapolis, Minnesota","Sidama (also Sidamo) region, Ethiopia",Medium-Light,58/78,$19.75/12 ounces,Ethiopia,$19.75 ,12 ounces,19.75,12,1.645833333,58,78,
Dadaocheng Garden Blend Espresso,94,"Yilan, Taiwan",Ethiopia; Guatemala,Medium,52/68,NT $350/200 grams,Ethiopia; Guatemala,NT $350,200 grams,350,7.054798145,49.611625,52,68,
Ethiopia Natural Yirgacheffe Banko Gotiti,94,"Chia-Yi, Taiwan","Kochere Woreda, Yirgacheffe growing region, south-central Ethiopia",Medium-Light,52/70,NT $325/8 ounces,south-central Ethiopia,NT $325,8 ounces,325,8,40.625,52,70,
Ethiopia Limu Nano Challa Lot #10,94,"Youngstown, Ohio","Jimma Zone, Oromia State, Ethiopia",Medium-Light,54/74,$16.25/10 ounces,Ethiopia,$16.25 ,10 ounces,16.25,10,1.625,54,74,
Kenya Kiambu AB Uklili 1905 Lot,94,"Chia-Yi, Taiwan","iambu growing region, south-central Kenya",Medium-Light,58/76,NT $300/8 ounces,south-central Kenya,NT $300,8 ounces,300,8,37.5,58,76,
Ethiopia Kayon Mountain Natural,94,"Lexington, Virginia","Odo Shakiso District, Guji Zone, Oromia region, southern Ethiopia",Medium,50/70,$21.00/12 ounces,southern Ethiopia,$21.00 ,12 ounces,21,12,1.75,50,70,
La Belleza Colombia,94,"Madison, Wisconsin","San Augustin, Huila, Colombia",Medium-Light,57/79,$19.50/12 ounces,Colombia,$19.50 ,12 ounces,19.5,12,1.625,57,79,
SOB Espresso,94,"Silver Lake, Minnesota",Colombia,Medium,46/68,$18.95/12 ounces,Colombia,$18.95 ,12 ounces,18.95,12,1.579166667,46,68,
Espresso Mandarina,94,"Santa Rosa Beach, Florida",Congo; Ethiopia,Medium,46/68,$16.95/12 ounces,Congo; Ethiopia,$16.95 ,12 ounces,16.95,12,1.4125,46,68,
The Core Espresso,94,"Emeryville, California",Ethiopia; Guatemala; Papua New Guinea; Sumatra,Medium,45/67,$17.25/12 ounces,Ethiopia; Guatemala; Papua New Guinea; Sumatra,$17.25 ,12 ounces,17.25,12,1.4375,45,67,
Barichu Double,94,"Lee, Massachusetts","Nyeri growing region, south-central Kenya",Medium-Light,53/75,$13.34/4 ounces,south-central Kenya,$13.34 ,4 ounces,13.34,4,3.335,53,75,
Green-Tip Geisha,94,"San Juan Lachao, Oaxaca, Mexico","Oaxaca State, Mexico",Medium-Light,56/78,$35.00/8 ounces,Mexico,$35.00 ,8 ounces,35,8,4.375,56,78,
Kenya Handege,94,"Austin, Texas","Thika growing region, central Kenya",Medium,53/65,$19.00/12 ounces,central Kenya,$19.00 ,12 ounces,19,12,1.583333333,53,65,
Kenya Kimaruri,94,"Santa Monica, California","Nyeri growing region, south-central Kenya",Medium-Light,54/72,$23.00/12 ounces,south-central Kenya,$23.00 ,12 ounces,23,12,1.916666667,54,72,
Geisha Village Auction Lot #11,94,"Madison, Wisconsin","Bench-Maji Zone, southern Ethiopia",Medium-Light,52/75,$25.75/4 ounces,southern Ethiopia,$25.75 ,4 ounces,25.75,4,6.4375,52,75,
Ethiopia Natural Yirgacheffe Blue Donkey Lot,94,"Chia-Yi, Taiwan","Kochere, Yirgacheffe growing region, south-central Ethiopia",Medium-Light,57/75,NT $300/8 ounces,south-central Ethiopia,NT $300,8 ounces,300,8,37.5,57,75,
Panama Geisha Alto Jaramillo,94,"Santa Monica, California","Alto Jaramillo, Boquete growing region, western Panama",Medium-Light,53/71,$40.00/4 ounces,western Panama,$40.00 ,4 ounces,40,4,10,53,71,
El Salvador,94,"Hong Kong, China","Tecapa Chinameca growing region, southeastern El Salvador",Medium,47/59,$19.65/8 ounces,southeastern El Salvador,$19.65 ,8 ounces,19.65,8,2.45625,47,59,
Ethiopia Washed Yirgacheffe Nafasha Lot,94,"Chia-Yi, Taiwan","Yirgacheffe growing region, southern Ethiopia",Medium-Light,55/77,NT $275/8 ounces,southern Ethiopia,NT $275,8 ounces,275,8,34.375,55,77,
Ethiopia Guji Shakisso Natural Lot 24,94,"Chia-Yi, Taiwan","Guji Zone, Oromia Region, southern Ethiopia",Medium-Light,53/71,NT $260/8 ounces,southern Ethiopia,NT $260,8 ounces,260,8,32.5,53,71,
Yirgacheffe Gedeb G1 Natural,94,"New Taipei City, Taiwan","Gedeb District, Gedeo Zone, southern Ethiopia",Light,62/83,NT $350/8 ounces,southern Ethiopia,NT $350,8 ounces,350,8,43.75,62,83,
Panama Finca San Sebastian,94,"Thermopolis, Wyoming","Boquete growing region, western Panama",Medium-Light,53/71,$12.00/12 ounces,western Panama,$12.00 ,12 ounces,12,12,1,53,71,
Kebele Village Espresso,94,"Madison, Wisconsin","Yirgacheffe growing region, southern Ethiopia",Medium-Light,52/70,$17.10/12 ounces,southern Ethiopia,$17.10 ,12 ounces,17.1,12,1.425,52,70,
Ethiopia Sidamo Gora Kone,94,"Sacramento, California","Sidamo (also Sidama) growing region, south-central Ethiopia",Medium-Light,59/72,$19.00/12 ounces,south-central Ethiopia,$19.00 ,12 ounces,19,12,1.583333333,59,72,
Gesha Village 1931 Lot 27,94,"Charlottesville, Virginia","Bench-Maji Zone, southern Ethiopia",Medium-Light,60/78,$50.00/8 ounces,southern Ethiopia,$50.00 ,8 ounces,50,8,6.25,60,78,
Gesha Village Natural Lot #19,94,"Yilan, Taiwan","Bench-Maji Zone, southern Ethiopia",Medium-Light,58/80,NT $1200/100 grams,southern Ethiopia,NT $1200,100 grams,1200,3.527399072,340.194,58,80,
Colombia Laderas del Tapias Estate Natural Geisha,94,"I-Lan City, Taiwan","Neira, Caldas Department, Colombia",Medium-Light,52/70,NT $1350/230 grams,Colombia,NT $1350,230 grams,1350,8.113017866,166.3992391,52,70,
Kona Laurina Pointu,94,"Holualoa, Hawaii","Kona, Hawaii",Medium-Light,56/70,$50.00/ 7 ounces,Hawaii,$50.00 , 7 ounces,50,7,7.142857143,56,70,
Colombia Finca La Loma Microlot,94,"Jackson, Mississippi","Huila, Colombia",Medium-Light,58/76,$16.50/12 ounces,Colombia,$16.50 ,12 ounces,16.5,12,1.375,58,76,
Ethiopia Wegida Natural,94,"Viroqua, Wisconsin","Yirgacheffe growing region, southern Ethiopia",Light,62/80,$20.00/12 ounces,southern Ethiopia,$20.00 ,12 ounces,20,12,1.666666667,62,80,
Colombia Antioquia La Papaya Bourbon Chiroso,94,"Kaohsiung City, Taiwan","Antioquia Department, northwest Colombia",Medium-Light,62/76,NT $700/8 ounces,northwest Colombia,NT $700,8 ounces,700,8,87.5,62,76,
Costa Rica Hacienda Tobosi Copey Villa Sarchi Black Honey,94,"Douliou City, Taiwan","Tobosi, Cartago Province, Costa Rica",Medium-Light,52/70,NT $450/220 grams,Costa Rica,NT $450,220 grams,450,7.760277959,57.98761364,52,70,
All Rise,94,"Roanoke, Virginia and Floyd, Virginia",Ethiopia; Democratic Republic of the Congo,Medium-Light,54/72,$20.00/12 ounces,Ethiopia; Democratic Republic of the Congo,$20.00 ,12 ounces,20,12,1.666666667,54,72,
Taiwan Natural Alishan Zhuo-Wu Farm Geisha,94,"Chia-Yi, Taiwan","Alishan, Chaiyi, Taiwan",Medium-Light,56/72,"NT $1,000/4 ounces",Taiwan,"NT $1,000",4 ounces,1000,4,250,56,72,
El Salvador Geisha Natural,94,"Minneapolis, Minnesota","Chalatenango, El Salvador",Medium-Light,58/74,$16.95/6 ounces,El Salvador,$16.95 ,6 ounces,16.95,6,2.825,58,74,
"DR Congo, Gera Village, SOPACDI",94,"Crystal Lake, Illinois","South Kivu Province, the Democratic Republic of the Congo",Medium-Light,58/76,$21.00/12 ounces,the Democratic Republic of the Congo,$21.00 ,12 ounces,21,12,1.75,58,76,
Colombia San Pedro,94,"Denver, Colorado","Acevedo, Huila Department, Colombia",Medium-Light,56/72,$19.00/12 ounces,Colombia,$19.00 ,12 ounces,19,12,1.583333333,56,72,
Ethiopia Haro Guta Natural,94,"Taipei, Taiwan","Guji Zone, Oromia Region, southern Ethiopia",Light,62/80,NT $400/8 ounces,southern Ethiopia,NT $400,8 ounces,400,8,50,62,80,
Ethiopia Sidama Keramo Village,94,"Jersey City, New Jersey","Sidamo (also Sidama) growing region, south-central Ethiopia",Medium-Light,60/76,$25.00/12 ounces,south-central Ethiopia,$25.00 ,12 ounces,25,12,2.083333333,60,76,
Colombia Tolima Geisha,94,"Minneapolis, Minnesota","Tolima, Colombia",Light,62/82,$19.98/4 ounces,Colombia,$19.98 ,4 ounces,19.98,4,4.995,62,82,
Nicaragua La Benedicion SL28 Natural,94,"Minneapolis, Minnesota","Nueva Segovia, Nicaragua",Light,62/80,$19.95/6 ounces,Nicaragua,$19.95 ,6 ounces,19.95,6,3.325,62,80,
Ethiopia Yirgacheffe Kochere Debo,94,"Thermopolis, Wyoming","Yirgacheffe growing region, southern Ethiopia",Medium-Light,54/70,$14.00/12 ounces,southern Ethiopia,$14.00 ,12 ounces,14,12,1.166666667,54,70,
Guatemala Bella Carmona,94,"Crystal Lake, Illinois","Antigua, Guatemala",Medium-Light,58/74,$19.00/12 ounces,Guatemala,$19.00 ,12 ounces,19,12,1.583333333,58,74,
Colombia Finca El Roblar,94,"Jackson, Mississippi","Suaza, Huila, Colombia",Medium-Light,60/76,$16.50/12 ounces,Colombia,$16.50 ,12 ounces,16.5,12,1.375,60,76,
Limu Ethiopia Natural,94,"Des Moines, Iowa","Jimma Zone, Oromia State, Ethiopia",Light,66/85,$14.00/12 ounces,Ethiopia,$14.00 ,12 ounces,14,12,1.166666667,66,85,
Estelí Nicaragua,94,"Washington, D.C.","Dipilto, Nicaragua",Medium-Light,60/79,$15.00/8 ounces,Nicaragua,$15.00 ,8 ounces,15,8,1.875,60,79,
Ethiopia Gera Estate Natural,94,"Harrisonburg, Virginia","Agaro Gera, Jimma Zone, Oromia Region, Ethiopia",Light,67/96,$15.99/12 ounces,Ethiopia,$15.99 ,12 ounces,15.99,12,1.3325,67,96,
Ethiopia Guji Natural,94,"Atlanta, Georgia","Guji Zone, Oromia Region, Southern Ethiopia",Light,64/83,$18.00/12 ounces,Southern Ethiopia,$18.00 ,12 ounces,18,12,1.5,64,83,
Ka’u Red Caturra Peaberry,94,"Kihei, Maui, Hawaii","Wood Valley, Ka’u, Big Island of Hawai’i",Medium-Light,58/78,$50.00/12 ounces,Big Island of Hawai’i,$50.00 ,12 ounces,50,12,4.166666667,58,78,
Sudan Rume,94,"Jersey City, New Jersey","Valle del Cauca growing region, Colombia",Light,62/80,$30.00/6 ounces,Colombia,$30.00 ,6 ounces,30,6,5,62,80,
Nano Genji Agaro Gera,94,"Sacramento, California","Agaro Gera, Jimma Zone, Oromia State, Ethiopia",Medium,52/68,$21.00/12 ounces,Ethiopia,$21.00 ,12 ounces,21,12,1.75,52,68,
Colombia Granja La Esperanza Tres Dragones,94,"Topeka, Kansas","Valle del Cauca growing region, Colombia",Medium-Light,60/74,$23.50/12 ounces,Colombia,$23.50 ,12 ounces,23.5,12,1.958333333,60,74,
Abu Natural Panama Geisha,94,"Los Angeles, California","Boquete, Panama",Medium-Light,58/78,$34.95/6 ounces,Panama,$34.95 ,6 ounces,34.95,6,5.825,58,78,
Costa Rica Luis Campos Anaerobic,94,"Billings, Montana","Tarrazu, Costa Rica",Medium-Light,58/76,$23.00/12 ounces,Costa Rica,$23.00 ,12 ounces,23,12,1.916666667,58,76,
Ethiopia Hassen Ware Akrabi,94,"Spokane, Washington","Guji Zone, Oromia region, southern Ethiopia",Medium-Light,58/74,$15.00/8 ounces,southern Ethiopia,$15.00 ,8 ounces,15,8,1.875,58,74,
Ethiopia Natural Guji PB JackyLai Lot,94,"Chia-Yi, Taiwan","Guji Zone, Oromia region, southern Ethiopia",Medium-Light,56/76,NT $300/8 ounces,southern Ethiopia,NT $300,8 ounces,300,8,37.5,56,76,
Ecuador Quilanga Typica Yeast Fermentation,94,"Minneapolis, Minnesota","Quilanga, Ecuador",Medium-Light,57/73,$22.95/12 ounces,Ecuador,$22.95 ,12 ounces,22.95,12,1.9125,57,73,
Funky Chicken,94,"Floyd, Virginia",Nicaragua; Colombia; East Timor,Medium,46/64,$13.99/12 ounces ($79.00/5 pounds),Nicaragua; Colombia; East Timor,$13.99 ,12 ounces ($79.00/5 pounds),13.99,1279005,1.09E-05,46,64,
Monteblanco Cold Fermentation Geisha,94,"Carlsbad, California","Huila, Colombia",Medium-Light,57/73,$29.00/12 ounces,Colombia,$29.00 ,12 ounces,29,12,2.416666667,57,73,
Indestec El Paraiso,94,"Carlsbad, California","Cauca, Colombia",Medium-Light,58/74,$29.00/12 ounces,Colombia,$29.00 ,12 ounces,29,12,2.416666667,58,74,
Gesha Village Single-Variety Gesha Special Selection,94,"Hong Kong, China","Bench-Maji Zone, southern Ethiopia",Medium-Light,58/74,$30.00/8 ounces,southern Ethiopia,$30.00 ,8 ounces,30,8,3.75,58,74,
Ecuador Finca Carolina Sidra,94,"Minneapolis, Minnesota","Pinchincha, Ecuador",Medium-Light,60/78,$29.95/12 ounces,Ecuador,$29.95 ,12 ounces,29.95,12,2.495833333,60,78,
Colombia Finca Las Margaritas Natural Sudan Rume,94,"Jersey City, New Jersey","Valle del Cauca growing region, Colombia",Medium-Light,55/73,$30.00/6 ounces,Colombia,$30.00 ,6 ounces,30,6,5,55,73,
Karen J Kona Red Bourbon,94,"Holualoa, Hawaii","Holualoa, North Kona growing district, “Big Island” of Hawaii",Medium-Light,58/80,$45.95/8 ounces (currently on sale for $36.76),“Big Island” of Hawaii,$45.95 ,8 ounces (currently on sale for $36.76),45.95,83676,0.000549142,58,80,
Sumatra Pantan Musara,94,"Billings, Montana","Aceh Province, Sumatra, Indonesia",Medium-Light,58/74,$21.00/12 ounces,Indonesia,$21.00 ,12 ounces,21,12,1.75,58,74,
Colombia Finca Lord Baltimore Papayo,94,"Minneapolis, Minnesota","Pitalito, Huila Department, Colombia",Light,62/80,$24.95/12 ounces,Colombia,$24.95 ,12 ounces,24.95,12,2.079166667,62,80,
Kerinci Palompek Sumatra,94,"Madison, Wisconsin","Jambi Province, Sumatra, Indonesia",Medium-Light,58/78,$17.80/12 ounces,Indonesia,$17.80 ,12 ounces,17.8,12,1.483333333,58,78,
Organic Ethiopia Agaro-Nano Challa,94,"Minneapolis, Minnesota","Agaro Gera, Jimma Zone, Oromia State, Ethiopia",Medium-Light,58/74,$22.95/12 ounces,Ethiopia,$22.95 ,12 ounces,22.95,12,1.9125,58,74,
Ka’u Giant Maragogipe,94,"Mountain View, Hawai'i","Ka’u growing region, Big Island of Hawai'i",Medium-Light,54/68,$35.00/10 ounces,Big Island of Hawai'i,$35.00 ,10 ounces,35,10,3.5,54,68,
Sumatra Gayo G1 Triple-Picked Lot 005,94,"Chia-Yi, Taiwan","Aceh Province, Sumatra, Indonesia",Medium-Light,56/74,NT $225/8 ounces,Indonesia,NT $225,8 ounces,225,8,28.125,56,74,
Sumatra Pantan Musara,94,"Minneapolis, Minnesota","Pantan Musara, Gayo, Sumatra, Indonesia",Medium-Light,54/72,$24.95/12 ounces,Indonesia,$24.95 ,12 ounces,24.95,12,2.079166667,54,72,
Colombia Cauca At’e,94,"Martinez, California","Paéz, Cauca Department, Colombia",Medium-Light,60/78,$12.00/8 ounces,Colombia,$12.00 ,8 ounces,12,8,1.5,60,78,
Ethiopian Yirgacheffe Natural,94,"Henderson, Nevada","Yirgacheffe growing region, southern Ethiopia",Medium-Light,58/76,$20.00/12 ounces,southern Ethiopia,$20.00 ,12 ounces,20,12,1.666666667,58,76,
Kona Classic Black Rock Farm,94,"Minneapolis, Minnesota","Kona, Big Island of Hawai’i",Medium,52/68,$18.95/4 ounces,Big Island of Hawai’i,$18.95 ,4 ounces,18.95,4,4.7375,52,68,
Ethiopia Guji Hambela Buku Abel Slow Dry Natural 2400m,94,"Douliou City, Taiwan","Guji Zone, Oromia Region, Southern Ethiopia",Light,64/82,NT $400/220 grams,Southern Ethiopia,NT $400,220 grams,400,7.760277959,51.54454545,64,82,
Bourbon Pointu Natural,94,"Holualoa, Hawai’i","Kona growing region, Big Island of Hawai’i",Medium-Light,58/76,$50.00/7 ounces,Big Island of Hawai’i,$50.00 ,7 ounces,50,7,7.142857143,58,76,
SL28,94,"Captain Cook, Hawai’i","North Kona growing district, “Big Island” of Hawai’i",Medium-Light,56/76,$33.00/8 ounces,“Big Island” of Hawai’i,$33.00 ,8 ounces,33,8,4.125,56,76,
Haraaz Red Yemen,94,"Madison, Wisconsin","Al Mashtal ul Burhani, Yemen",Medium-Light,58/78,$25.00/8 ounces,Yemen,$25.00 ,8 ounces,25,8,3.125,58,78,
Schweik’s Blend,94,"Chicago, Illinois",Africa,Light,62/80,$11.75/10.5 ounces,Africa,$11.75 ,10.5 ounces,11.75,105,0.111904762,62,80,
Hunkute by Nordic Approach,94,"New Taipei City, Taiwan","Sidama growing region, southern Ethiopia",Light,64/88,NT $500/227g,southern Ethiopia,NT $500,227g,500,8.01,62.42197253,64,88,
Costa Rica Brunca Rivense La Guaca Passion Honey,94,"New Taipei City, Taiwan","Brunca Region, Costa Rica",Medium-Light,58/78,NT$400/227 grams,Costa Rica,NT$400,227 grams,400,8.007195894,49.95506608,58,78,
El Salvador Las Veraneras Red Bourbon,94,"Floyd, Virginia",Apaneca Ilamatepec mountain range,Medium-Light,58/78,$18.99/12 ounces,Apaneca Ilamatepec mountain range,$18.99 ,12 ounces,18.99,12,1.5825,58,78,
La Esmeralda Diamond Mountain Washed Coffee,94,"Tainan City, Taiwan","Boquete growing region, Panama",Medium-Light,60/78,NT $470/225 grams,Panama,NT $470,225 grams,470,7.936647913,59.21895556,60,78,
Cerro Azul Geisha Honey Process,94,"Madison, Wisconsin","Trujillo, Valle del Cauca, Colombia",Medium-Light,58/76,$36.00/8 ounces,Colombia,$36.00 ,8 ounces,36,8,4.5,58,76,
Shakiso Natural,94,"Madison, Wisconsin","Guji Zone, Oromia Region, southern Ethiopia",Medium-Light,58/76,$19.00/12 ounces,southern Ethiopia,$19.00 ,12 ounces,19,12,1.583333333,58,76,
Uluwehi Farm Kona SL34 Yeast-Fermentation Washed Peaberry,94,"Minneapolis, Minnesota","Holualoa, Kona growing region, Big Island of Hawai’i",Medium-Light,56/72,$40.00/4 ounces,Big Island of Hawai’i,$40.00 ,4 ounces,40,4,10,56,72,
Monarch Estate Pacamara,94,"Holualoa, Hawai’i","Holualoa, North Kona growing district, “Big Island” of Hawai’i",Medium-Light,60/80,$40.95/4 ounces,“Big Island” of Hawai’i,$40.95 ,4 ounces,40.95,4,10.2375,60,80,
El Salvador Anarquia Pacamara,94,"Buffalo, New York","Apaneca, El Salvador",Light,60/82,$22.00/12 ounces,El Salvador,$22.00 ,12 ounces,22,12,1.833333333,60,82,
Macarena Colombia,94,"Madison, Wisconsin","Piendamó, Cauca Department, Colombia",Medium-Light,60/78,$18.00/8 ounces,Colombia,$18.00 ,8 ounces,18,8,2.25,60,78,
Black Level Blend,94,"Tainan City, Taiwan",Kenya; Colombia,Medium-Light,57/74,NT $490/150 grams,Kenya; Colombia,NT $490,150 grams,490,5.291098608,92.60836667,57,74,
Red Sunset by Andres Cardona,94,"San Diego, California","Santa Bárbara, Antioquia Department, Colombia",Medium-Light,55/73,$24.00/12 ounces,Colombia,$24.00 ,12 ounces,24,12,2,55,73,
Kenya Washed Kabingara AA,94,"Chia-Yi, Taiwan","Kirinyaga County, south-central Kenya",Medium-Light,57/77,NT $360/8 ounces,south-central Kenya,NT $360,8 ounces,360,8,45,57,77,
Indonesia Sumatra Natural Aceh Musara SC19,94,"Chia-Yi, Taiwan","Aceh Province, northern Sumatra Indonesia",Light,62/80,NT $350/ 8 ounces,northern Sumatra Indonesia,NT $350, 8 ounces,350,8,43.75,62,80,
Ethiopia Washed Shantawene,94,"Manlius, New York","Sidamo (also Sidama) growing region, south-central Ethiopia",Medium-Light,60/78,$20.00/12 ounces,south-central Ethiopia,$20.00 ,12 ounces,20,12,1.666666667,60,78,
Ethiopia Durato Bombe,94,"Charlotte, North Carolina","Bombe mountains, Sidama Region, southern Ethiopia",Medium-Light,58/78,$19.00/12 ounces,southern Ethiopia,$19.00 ,12 ounces,19,12,1.583333333,58,78,
Ethiopia Bensa Asefa Qonqana,94,"San Diego, California","Sidamo (also Sidama) growing region, south-central Ethiopia",Light,64/86,$26.00/12 ounces,south-central Ethiopia,$26.00 ,12 ounces,26,12,2.166666667,64,86,
Ethiopia Anaerobic Shantawene,94,"Manlius, New York","Sidamo (also Sidama) growing region, south-central Ethiopia",Medium-Light,58/80,$20.00/12 ounces,south-central Ethiopia,$20.00 ,12 ounces,20,12,1.666666667,58,80,
Ka’u Classic Dark,94,"Pahala, Hawai'i","Ka’u growing region, Big Island of Hawai’i",Medium,47/61,$19.95/7 ounces,Big Island of Hawai’i,$19.95 ,7 ounces,19.95,7,2.85,47,61,
Indonesia Sumatra Kerinci Valley,94,"San Diego, California","Mount Kerinci Highlands, Sumatra, Indonesia",Medium,47/60,$24.50/12 ounces,Indonesia,$24.50 ,12 ounces,24.5,12,2.041666667,47,60,
Aged Sumatra Semiga,94,"Minneapolis, Minnesota","Simalungun, Sumatra, Indonesia",Medium-Dark,40/50,$30.00/12 ounces,Indonesia,$30.00 ,12 ounces,30,12,2.5,40,50,
Whiskey Dreams Moka Java,94,"Sacramento, California",Indonesia; Ethiopia,Medium-Light,58/76,$18.00/12 ounces,Indonesia; Ethiopia,$18.00 ,12 ounces,18,12,1.5,58,76,
Karindundu Kenya,94,"Madison, Wisconsin","Nyeri County, Kenya",Medium-Light,58/78,$22.00/12 ounces,Kenya,$22.00 ,12 ounces,22,12,1.833333333,58,78,
Kenya Karatu,94,"Kiambu County, Kenya","Kiambu County, Kenya",Medium-Light,60/76,$23.50/12 ounces,Kenya,$23.50 ,12 ounces,23.5,12,1.958333333,60,76,
Guatemala Acatenango Gesha,94,"San Diego, California","Acatenango, Guatemala",Light,62/80,$24.00/8 ounces,Guatemala,$24.00 ,8 ounces,24,8,3,62,80,
Espresso,94,"Holualoa, Hawai’i","Holualoa, North Kona growing district, “Big Island” of Hawai’i",Medium-Light,56/80,$62.95/8 ounces,“Big Island” of Hawai’i,$62.95 ,8 ounces,62.95,8,7.86875,56,80,
Panama La Viuda Natural Geisha 4 Hermanos,94,"Chiya-Yi, Taiwan","Jurutungo, Renacimiento, Panama",Light,60/84,"NT $1,000/4 ounces",Panama,"NT $1,000",4 ounces,1000,4,250,60,84,
Ethiopia Washed Sidama Bensa Bombe,94,"Chiya-Yi, Taiwan","Sidama Region, Ethiopia",Light,60/82,NT $375/8 ounces,Ethiopia,NT $375,8 ounces,375,8,46.875,60,82,
Sweet Holiday Blend,94,"Floyd, Virginia",Colombia; Guatemala; Costa Rica; Ethiopia,Medium-Light,58/76,$20.99/12 ounces,Colombia; Guatemala; Costa Rica; Ethiopia,$20.99 ,12 ounces,20.99,12,1.749166667,58,76,
Natural Ka’u Maragogipe,94,"Mountain View, Hawai’i","Ka’u growing region, Big Island of Hawai’i",Medium-Light,62/78,$19.00/4 ounces,Big Island of Hawai’i,$19.00 ,4 ounces,19,4,4.75,62,78,
Panama Hacienda La Esmeralda Gesha,94,"Jersey City, New Jersey","Boquete growing region, western Panama",Light,64/84,$50.00/6 ounces,western Panama,$50.00 ,6 ounces,50,6,8.333333333,64,84,
Ethiopia Bench Maji Natural Gesha,94,"Taoyuan, Taiwan","Bench-Maji Zone, Southern Ethiopia",Light,62/80,NT $550/8 ounces,Southern Ethiopia,NT $550,8 ounces,550,8,68.75,62,80,
Kenya Nyeri Gatomboya,94,"Martinez, California","Nyeri growing region, south-central Kenya",Medium-Light,57/77,$12.00/8 ounces,south-central Kenya,$12.00 ,8 ounces,12,8,1.5,57,77,
Kenya Kirinyaga,94,"Chia-Yi City, Taiwan",Kenya,Medium-Light,60/80,NT $800/16 ounces,Kenya,NT $800,16 ounces,800,16,50,60,80,
Ka’u Bourbon Champagne Natural,94,"Minneapolis, Minnesota","Ka’u growing region, Big Island of Hawai’i",Medium-Light,58/76,$30.00/4 ounces,Big Island of Hawai’i,$30.00 ,4 ounces,30,4,7.5,58,76,
Colombia Geisha Natural,94,"Manassas, Virginia","Tolima Department, Colombia",Medium-Light,60/76,$34.95/8 ounces,Colombia,$34.95 ,8 ounces,34.95,8,4.36875,60,76,
Kona Tropical Punch Washed,94,"Minneapolis, Minnesota","Kona, Big Island of Hawai’i",Medium-Light,60/76,$25.00/4 ounces,Big Island of Hawai’i,$25.00 ,4 ounces,25,4,6.25,60,76,
Rainy Day Espresso Blend,94,"Taoyuan City, Taiwan",Ethiopia; Costa Rica,Medium-Light,54/72,NT $350/230 grams,Ethiopia; Costa Rica,NT $350,230 grams,350,8.113017866,43.14054348,54,72,
Ethiopia Anaerobic Natural,94,"Jersey City, New Jersey","Sidama (also Sidamo) growing region, southern Ethiopia",Medium-Light,59/77,$25.00/8 ounces,southern Ethiopia,$25.00 ,8 ounces,25,8,3.125,59,77,
Gelena Geisha,94,"Denver, Colorado","Guji Zone, Oromia region, southern Ethiopia",Medium-Light,60/78,$19.00/12 ounces,southern Ethiopia,$19.00 ,12 ounces,19,12,1.583333333,60,78,
Kenya Gakuyuini AA,94,"Bozeman, Montana","Kirinyaga County, south-central Kenya",Medium-Light,58/76,$16.95/12 ounces,south-central Kenya,$16.95 ,12 ounces,16.95,12,1.4125,58,76,
Yemen Jabal Nabi Special Reserve,94,"Bozeman, Montana","Hayma Dakhiliya growing region, Sana’a Governorate, Yemen",Medium-Light,57/73,$13.95/4 ounces,Yemen,$13.95 ,4 ounces,13.95,4,3.4875,57,73,
Sumatra Siamang Forest,94,"Minneapolis, Minnesota","Simalungun, Sumatra, Indonesia",Medium-Light,54/72,$25.00/12 ounces,Indonesia,$25.00 ,12 ounces,25,12,2.083333333,54,72,
Sabana Redonda SL28 Costa Rica,94,"Madison, Wisconsin","Sabanilla de Alajuela, Central Valley, Costa Rica",Medium-Light,58/80,$18.00/8 ounces,Costa Rica,$18.00 ,8 ounces,18,8,2.25,58,80,
Hunapu Natural Guatemala,94,"Madison, Wisconsin","Antigua, Guatemala",Medium-Light,56/76,$19.00/12 ounces,Guatemala,$19.00 ,12 ounces,19,12,1.583333333,56,76,
Pacas Estate El Salvador Natural,94,"Manassas, Virginia","Los Naranjos, Juayua, Sonsonate, El Salvador",Medium-Light,54/72,$15.99/12 ounces,El Salvador,$15.99 ,12 ounces,15.99,12,1.3325,54,72,
Peru Garden of Eden Farcent Geisha Anaerobic Washed,94,"Yilan, Taiwan","Villa Rica District, Pasco Department, Peru",Medium-Light,62/78,NT $700/100 grams,Peru,NT $700,100 grams,700,3.527399072,198.4465,62,78,
Colombia Ibague Tolima,94,"San Diego, California","Tolima Department, Colombia",Light,64/80,$26.00/12 ounces,Colombia,$26.00 ,12 ounces,26,12,2.166666667,64,80,
Panama Finca Los Lajones Natural,94,"San Diego, California","Boquete growing region, Panama",Light,60/82,$29.00/12 ounces,Panama,$29.00 ,12 ounces,29,12,2.416666667,60,82,
Colombia Antioquia Magico,94,"Minneapolis, Minnesota","Urrao, Antioquia Department, Colombia",Light,62/80,$19.00/6 ounces,Colombia,$19.00 ,6 ounces,19,6,3.166666667,62,80,
Costa Rica Las Montañas Honey,94,"Thermopolis, Wyoming","Tarrazú growing region, Costa Rica",Medium-Light,60/78,$14.00/12 ounces,Costa Rica,$14.00 ,12 ounces,14,12,1.166666667,60,78,
Kenya Nyeri Hill Farm AA TOP,94,"Taipei, Taiwan","Nyeri growing region, south-central Kenya",Medium-Light,59/79,NT $349/8 ounces,south-central Kenya,NT $349,8 ounces,349,8,43.625,59,79,
Costa Rica La Chumeca,94,"Lexington, Virginia","Santa Maria de Dota, Costa Rica",Medium-Light,60/78,$23.00/12 ounces,Costa Rica,$23.00 ,12 ounces,23,12,1.916666667,60,78,
Ethiopia Yirgacheffe Adado,94,"Harrisonburg, Virginia","Yirgacheffe growing region, southern Ethiopia",Medium-Light,60/78,$18.99/12 ounces,southern Ethiopia,$18.99 ,12 ounces,18.99,12,1.5825,60,78,
Burundi Kibingo Intenso,94,"Glendale, California","Kayanza Province, Burundi",Medium-Light,57/74,$21.00/12 ounces,Burundi,$21.00 ,12 ounces,21,12,1.75,57,74,
Costa Rica San Gabriel SL28 Anaerobic Natural,94,"Yilan, Taiwan","Mercedes Sur, Turrubares, San José Province, Costa Rica",Medium-Light,58/76,NT $600/200 grams,Costa Rica,NT $600,200 grams,600,7.054798145,85.0485,58,76,
Costa Rica Bounty Gesha,94,"Lee, Massachusetts","Dota, Tarrazú growing region, Costa Rica",Medium-Light,60/78,$39.45/12 ounces,Costa Rica,$39.45 ,12 ounces,39.45,12,3.2875,60,78,
Ethiopia Raro Boda,94,"San Diego, California","Guji Zone, Oromia Region, Southern Ethiopia",Medium-Light,56/74,$22.00/12 ounces,Southern Ethiopia,$22.00 ,12 ounces,22,12,1.833333333,56,74,
Costa Rica Hacienda La Minita,94,"Bozeman, Montana","Los Santos, Tarrazú, Costa Rica",Medium-Light,57/73,$17.50/12 ounces,Costa Rica,$17.50 ,12 ounces,17.5,12,1.458333333,57,73,
Chelchele Ethiopia,94,"Madison, Wisconsin","Gedeb District, Gedeo Zone, southern Ethiopia",Medium-Light,58/78,$19.00/12 ounces,southern Ethiopia,$19.00 ,12 ounces,19,12,1.583333333,58,78,
Karamo Ethiopia,94,"Madison, Wisconsin","Sidama growing region, Ethiopia",Medium-Light,60/78,$19.00/12 ounces,Ethiopia,$19.00 ,12 ounces,19,12,1.583333333,60,78,
Taiwan Natural Alishan Ching-Ye Farm,94,"Chia-Yi, Taiwan","Alishan, Chia-Yi, Taiwan",Medium-Light,58/76,NT $550/4 ounces,Taiwan,NT $550,4 ounces,550,4,137.5,58,76,
Ethiopia Anasora Extended Natural Special Lot,94,"Taipei, Taiwan","Guji Zone, Oromia Region, Southern Ethiopia",Medium-Light,60/76,NT $880/200 grams,Southern Ethiopia,NT $880,200 grams,880,7.054798145,124.7378,60,76,
Quartet Kaffe Blend No.10,94,"Taipei, Taiwan",Ethiopia; Kenya; Bolivia; Panama,Medium-Light,56/72,NT $500/200 grams,Ethiopia; Kenya; Bolivia; Panama,NT $500,200 grams,500,7.054798145,70.87375,56,72,
El Salvador Finca La Esperanza,94,"Chia-Yi, Taiwan","Apaneca-Ilamatepec, El Salvador",Medium-Light,62/78,$14.00/230 grams,El Salvador,$14.00 ,230 grams,14,8.113017866,1.725621739,62,78,
Cruz Loma,94,"Madison, Wisconsin","San José de Minas, Pichincha Province, Ecuador",Medium-Light,57/75,$25.00/8 ounces,Ecuador,$25.00 ,8 ounces,25,8,3.125,57,75,
Panama Auromar Ironman Geisha Washed Process,94,"Henderson, Nevada","Piedra Candela, Chiriqui Province, far western Panama",Medium-Light,60/78,$50.00/4 ounces,far western Panama,$50.00 ,4 ounces,50,4,12.5,60,78,
Tio Conejo Colombia,94,"Madison, Wisconsin","Vereda Santa Rita, Manizales, Caldas, Colombia",Medium-Light,58/76,$18.00/8 ounces,Colombia,$18.00 ,8 ounces,18,8,2.25,58,76,
Sumatra Takengon Gayo Natural,94,"Portland, Maine","Aceh Province, Sumatra, Indonesia",Light,62/80,$21.50/16 ounces,Indonesia,$21.50 ,16 ounces,21.5,16,1.34375,62,80,
Pantan Musara Sumatra,94,"Madison, Wisconsin","Aceh Province, Sumatra, Indonesia",Medium-Light,58/76,$21.00/12 ounces,Indonesia,$21.00 ,12 ounces,21,12,1.75,58,76,
Colombia FUDAM Nariño,94,"Lexington, Virginia","La Union, Nariño, Colombia",Light,62/80,$18.50/12 ounces,Colombia,$18.50 ,12 ounces,18.5,12,1.541666667,62,80,
Colombia Finca La Guaca Ají,94,"San Rafael, California","Pitalito Municipality, Huila Department, Colombia",Light,62/80,$19.50/6 ounces,Colombia,$19.50 ,6 ounces,19.5,6,3.25,62,80,
Colombia Quindio Anaerobic Natural,94,"Minneapolis, Minnesota","Quindio Department, Colombia",Medium-Light,60/78,$30.00/12 ounces,Colombia,$30.00 ,12 ounces,30,12,2.5,60,78,
Oahu Triple-Bourbon “Sparkling” Yeast Ferment,94,"Pahala, Hawai'i","Maunawili growing region, southeastern Oahu, Hawaii",Medium-Light,54/74,$17.00/4 ounces,Hawaii,$17.00 ,4 ounces,17,4,4.25,54,74,
Costa Rica Canet Musician Series Bach Raisin Honey,94,"Taipei, Taiwan","Tarrazu, Costa Rica",Medium-Light,60/77,NT $550/227 grams,Costa Rica,NT $550,227 grams,550,8.007195894,68.68821586,60,77,
Gigesa Ethiopia,94,"Madison, Wisconsin","Guji Zone, Oromia Region, Ethiopia",Medium-Light,56/74,$19.00/12 ounces,Ethiopia,$19.00 ,12 ounces,19,12,1.583333333,56,74,
Ethiopia Guji Odo Shakiso,94,"Harrisonburg, Virginia","Guji Zone, Oromia Region, southern Ethiopia",Medium-Light,60/76,$17.99/ 12 ounces,southern Ethiopia,$17.99 , 12 ounces,17.99,12,1.499166667,60,76,
Taiwan Washed Alishan Ching-Ye Farm SL34,94,"Chia-Yi, Taiwan","Alishan, Chia-Yi City, Taiwan",Medium-Light,56/74,NT $400/4 ounces,Taiwan,NT $400,4 ounces,400,4,100,56,74,
Ethiopia Yirgacheffe Hama Washed,94,"Taipei City, Taiwan","Yirgacheffe growing region, south-central Ethiopia",Medium-Light,62/76,NT $350/227 grams,south-central Ethiopia,NT $350,227 grams,350,8.007195894,43.71068282,62,76,
Costa Rica Brunca Rivense Las Moras Black Honey,94,"Taipei City, Taiwan","Brunca growing region, Costa Rica",Medium-Light,62/76,NT $400/ 227 grams,Costa Rica,NT $400, 227 grams,400,8.007195894,49.95506608,62,76,
Ethiopia Guji Uraga Tebe Burku Natural,94,"Taipei City, Taiwan","Guji Zone, Oromia Region, Southern Ethiopia",Medium-Light,58/74,NT $350/227 grams,Southern Ethiopia,NT $350,227 grams,350,8.007195894,43.71068282,58,74,
Colombia Finca El Paraiso Castillo Red Plum,94,"Minneapolis, Minnesota","Cauca Department, Colombia",Light,62/80,$16.00/4 ounces,Colombia,$16.00 ,4 ounces,16,4,4,62,80,
Kona SL34 Champagne Natural Uluwehi Farm,94,"Minneapolis, Minnesota","Holualoa, Kona, Big Island of Hawai’i",Medium-Light,57/74,$30.00/4 ounces,Big Island of Hawai’i,$30.00 ,4 ounces,30,4,7.5,57,74,
Ka‘ū Tropical Punch Washed,94,"Minneapolis, Minnesota","Ka‘ū, Big Island of Hawai’i",Medium-Light,58/74,$25.00/4 ounces,Big Island of Hawai’i,$25.00 ,4 ounces,25,4,6.25,58,74,
Minanga Village Sulawesi,94,"Madison, Wisconsin","Toraja growing region, south-central Sulawesi, Indonesia",Medium-Light,54/72,$24.00/12 ounces,Indonesia,$24.00 ,12 ounces,24,12,2,54,72,
Ethiopia Guji Shakiso G1 Honey,94,"Taoyuan, Taiwan","Sidama growing region, southern Ethiopia",Medium-Light,59/77,NT $400/8 ounces,southern Ethiopia,NT $400,8 ounces,400,8,50,59,77,
Colombia Tres Dragones Natural,94,"Topeka, Kansas","Caicedonia, Valle de Cauca Department, Colombia",Medium-Light,58/76,$25.00/12 ounces,Colombia,$25.00 ,12 ounces,25,12,2.083333333,58,76,
Costa Rica Naranjo Danilo Salazar Arias,94,"Portland, Maine","Alajuela, Costa Rica",Medium-Light,60/77,$23.00/12 ounces,Costa Rica,$23.00 ,12 ounces,23,12,1.916666667,60,77,
Rwanda Gatare,94,"San Diego, California","Nyamasheke District, Western Province, Rwanda",Medium-Light,58/80,$22.00/12 ounces,Rwanda,$22.00 ,12 ounces,22,12,1.833333333,58,80,
Kenya Nyeri Yerihar AA Top Lot 21/01,94,"Douliou City, Taiwan","Nyeri growing region, south-central Kenya",Medium-Light,57/78,NT $450/220 grams,south-central Kenya,NT $450,220 grams,450,7.760277959,57.98761364,57,78,
Ethiopia Dawencho 74110 Natural Espresso,94,"Taipei, Taiwan","Arbegona, Sidama Region, Ethiopia",Medium-Light,58/77,NT $620/100 grams,Ethiopia,NT $620,100 grams,620,3.527399072,175.7669,58,77,
Colombia Exótico De Altura,94,"Charlotte, North Carolina","Giraldo, Antioquia, Colombia",Medium-Light,54/74,$18.00/12 ounces,Colombia,$18.00 ,12 ounces,18,12,1.5,54,74,
Peru Gesha,94,"Manlius, New York","Pacaybamba growing region, Peru",Medium-Light,60/77,$30.00/12 ounces,Peru,$30.00 ,12 ounces,30,12,2.5,60,77,
Colombia Pink Bourbon,94,"Minneapolis, Minnesota","Pitalito, Huila Department, Colombia",Medium-Light,60/77,$19.00/6 ounces,Colombia,$19.00 ,6 ounces,19,6,3.166666667,60,77,
Colombia Quindio Anaerobic Natural,94,"Minneapolis, Minnesota","Quindio Department, Colombia",Medium-Light,61/79,$30.00/12 ounces,Colombia,$30.00 ,12 ounces,30,12,2.5,61,79,
Honduras Natural San Vicente Belarmino Contreras Pacas,94,"Chia-Yi, Taiwan","Santa Barbara Department, Honduras",Medium-Light,58/78,NT $275/8 ounces,Honduras,NT $275,8 ounces,275,8,34.375,58,78,
Colombia Finca Jardines del Eden Ice Fermentation Natural,94,"Yilan, Taiwan","Cauca Department, Colombia",Medium-Light,58/74,NT $500/100 grams,Colombia,NT $500,100 grams,500,3.527399072,141.7475,58,74,
Kenya Kainamui AB,94,"San Diego, California","Kirinyaga County, Kenya",Medium-Light,58/76,$16.50/250 grams,Kenya,$16.50 ,250 grams,16.5,8.818497681,1.871067,58,76,
Ethiopia Olonso Qeka,94,"Redding, California","Sidamo (also Sidama) growing region, south-central Ethiopia",Medium-Light,58/80,$35.00/300 grams,south-central Ethiopia,$35.00 ,300 grams,35,10.58219722,3.307441667,58,80,
Ethiopia Wate Mini Natural Espresso,94,"Taipei, Taiwan","Hambela Dimtu, Guji, Ethiopia",Medium-Light,58/80,NT $350/227 grams,Ethiopia,NT $350,227 grams,350,8.007195894,43.71068282,58,80,
Rwanda Rulindo Tumba,94,"Hamilton, Montana","Northern Province, Rwanda",Medium-Light,60/78,$17.00/12 ounces,Rwanda,$17.00 ,12 ounces,17,12,1.416666667,60,78,
Congo Square,94,"Houston, Texas","South Kivu growing region, Democratic Republic of the Congo",Medium-Light,56/74,$20.00/12 ounces,Democratic Republic of the Congo,$20.00 ,12 ounces,20,12,1.666666667,56,74,
Ethiopia Sidama Bona Sweet Natural,94,"Taichung City, Taiwan","Sidamo Zone, Oromia Region, Ethiopia",Light,62/80,$20.00/12 ounces,Ethiopia,$20.00 ,12 ounces,20,12,1.666666667,62,80,
Nicaragua Yellow Pacamara Natural,94,"Minneapolis, Minnesota","Matagalpa, Nicaragua",Light,62/80,$29.95/4 ounces,Nicaragua,$29.95 ,4 ounces,29.95,4,7.4875,62,80,
Las Flores Colombia,94,"Madison, Wisconsin","San Isidro, Acevedo, Huila, Colombia",Medium-Light,58/78,$20.00/12 ounces,Colombia,$20.00 ,12 ounces,20,12,1.666666667,58,78,
Pantan Musara Sumatra,94,"Madison, Wisconsin","Aceh Province, Sumatra, Indonesia",Medium-Light,56/74,$17.90/12 ounces,Indonesia,$17.90 ,12 ounces,17.9,12,1.491666667,56,74,
Ecuador San José de Minas Double-Anaerobic,94,"Johns Creek, Georgia","Pichincha Province, Ecuador",Light,62/80,$45.00/12 ounces,Ecuador,$45.00 ,12 ounces,45,12,3.75,62,80,
Baby Dragons,94,"San Diego, California","Caicedonia, Valle de Cauca Department, Colombia",Medium-Light,60/77,$28.00/12 ounces,Colombia,$28.00 ,12 ounces,28,12,2.333333333,60,77,
Panama Finca Santa Teresa Summer Gesha,94,"Chicago, Illinois","Finca Santa Teresa, Volcan, Panama",Medium-Light,60/78,$87.00/12 ounces,Panama,$87.00 ,12 ounces,87,12,7.25,60,78,
Rwanda “Silverback Returns”,94,"Taoyuan, Taiwan","Rutsiro District, western Rwanda",Medium-Dark,42/58,NT $800/8 ounces,western Rwanda,NT $800,8 ounces,800,8,100,42,58,
Rwanda Kinini Village Natural,94,"Topeka, Kansas","Northern Province, Rwanda",Medium-Light,58/78,$21.50/12 ounces,Rwanda,$21.50 ,12 ounces,21.5,12,1.791666667,58,78,
Brazil Gauriroba Natural,94,"Osaka, Japan","Minas Gerais State, southeastern Brazil",Light,82/104,¥2980/100 grams,southeastern Brazil,¥2980,100 grams,2980,3.527399072,844.8151,82,104,
Colombia Wush Wush,94,"Manlius, New York","Santander Department, Colombia",Medium,56/64,$27.00/12 ounces,Colombia,$27.00 ,12 ounces,27,12,2.25,56,64,
Costa Rica Hacienda Tobosi Villalobos Anaerobic Natural,94,"Yilan, Taiwan","El Guarco, Cartago Province, Costa Rica",Light,62/80,NT $600/200 grams,Costa Rica,NT $600,200 grams,600,7.054798145,85.0485,62,80,
Yemen Mocha Haimi,94,"Henderson, Nevada","Sana’a growing region, Yemen",Light,63/83,$35.00/8 ounces,Yemen,$35.00 ,8 ounces,35,8,4.375,63,83,
Ethiopia Buku Abela,94,"New Taipei City, Taiwan","Guji Zone, Oromia Region, Hambela Woreda, Ethiopia",Medium-Light,60/78,NT $350/227 grams,Ethiopia,NT $350,227 grams,350,8.007195894,43.71068282,60,78,
Kabiufa Papua New Guinea,94,"Madison, Wisconsin","Kabiufa, Eastern Highlands, Papua New Guinea",Light,60/82,$16.00/12 ounces,Papua New Guinea,$16.00 ,12 ounces,16,12,1.333333333,60,82,
Mojave Vault Series Geisha Natural,94,"Henderson, Nevada","Volcan, Panama",Light,64/84,$49.95/8 ounces,Panama,$49.95 ,8 ounces,49.95,8,6.24375,64,84,
Costa Rica Black Honey,94,"Chia-Yi, Taiwan",Costa Rica,Medium-Light,58/76,NT $275/8 ounces,Costa Rica,NT $275,8 ounces,275,8,34.375,58,76,
Yemen Mocca Matari,94,"Pingtung, Taiwan","Bani Matar growing region, Yemen",Medium-Light,60/78,NT $680/227 grams,Yemen,NT $680,227 grams,680,8.007195894,84.92361233,60,78,
Ethiopia Yirgacheffe Botabaa Washed G1 21/01,94,"Chia-Yi, Taiwan","ochere Woreda, Gedeo Zone, Ethiopia",Medium-Light,60/80,NT $290/8 ounces,Ethiopia,NT $290,8 ounces,290,8,36.25,60,80,
Tanzania Sambewe,94,"Lexington, Virginia","Songwe Region, Mbozi District, Tanzania",Medium-Light,58/78,$16.95/12 ounces,Tanzania,$16.95 ,12 ounces,16.95,12,1.4125,58,78,
Tanzania Peaberry,94,"Suwanee, Georgia","Ngorongoro Crater region, northern Tanzania",Medium-Light,53/71,$17.99/16 ounces,northern Tanzania,$17.99 ,16 ounces,17.99,16,1.124375,53,71,
BNT Espresso Blend,94,"Nantou, Taiwan",Ethiopia; Guatemala; Honduras,Medium-Light,56/72,NT $350/227 grams,Ethiopia; Guatemala; Honduras,NT $350,227 grams,350,8.007195894,43.71068282,56,72,
Panama Elida Estate Catuaí Natural ASD,94,"Branford, Connecticut","Boquete growing region, western Panama",Medium-Light,58/76,$32.99/16 ounces,western Panama,$32.99 ,16 ounces,32.99,16,2.061875,58,76,
Kona Peaberry,94,"Mountain View, Hawai’i","Kona growing region, Big Island of Hawai’i",Medium-Light,56/76,$35.00/10 ounces,Big Island of Hawai’i,$35.00 ,10 ounces,35,10,3.5,56,76,
Kona SL34 Sweet Spot,94,"Holualoa, Hawaii","Kona growing region, Big Island of Hawai’i",Medium-Light,58/80,$49.95/7 ounces,Big Island of Hawai’i,$49.95 ,7 ounces,49.95,7,7.135714286,58,80,
Kenya Washed Nyeri Gichathaini Factory AB,94,"Chia-Yi, Taiwan","yeri growing region, south-central Kenya",Medium-Light,60/78,NT $390/8 ounces,south-central Kenya,NT $390,8 ounces,390,8,48.75,60,78,
Ethiopia Guji Shakiso Dambi Udo Honey,94,"Taipei, Taiwan","Guji Zone, southern Ethiopia",Light,62/80,NT $350/225 grams,southern Ethiopia,NT $350,225 grams,350,7.936647913,44.09922222,62,80,
Costa Rica Yellow Honey Kinka Bear Lot 20-02,94,"Chia-Yi, Taiwan",Costa Rica,Medium-Light,52/70,NT $250/8 ounces,Costa Rica,NT $250,8 ounces,250,8,31.25,52,70,
Ethiopia Natural Guji,94,"Chia-Yi, Taiwan","Guji Zone, Oromia region, southern Ethiopia",Medium-Light,56/76,NT $210/8 ounces,southern Ethiopia,NT $210,8 ounces,210,8,26.25,56,76,
Ethiopia Guji Shakiso Dambi Udo Natural Anaerobic,94,"Taipei, Taiwan","Guji Zone, southern Ethiopia",Medium-Light,59/77,NT $360/225 grams,southern Ethiopia,NT $360,225 grams,360,7.936647913,45.3592,59,77,
Kona Maragogype Natural,94,"Minneapolis, Minnesota","Kainaliu, Kona, Big Island of Hawai’i",Medium-Light,58/82,$29.95/4 ounces,Big Island of Hawai’i,$29.95 ,4 ounces,29.95,4,7.4875,58,82,
Ethiopia Yirgacheffe Israel Degfa Natural Gr.1,94,"Kaohsiung City, Taiwan","Yirgachefffe growing region, southern Ethiopia",Medium-Light,56/76,NT $450/227 grams,southern Ethiopia,NT $450,227 grams,450,8.007195894,56.19944934,56,76,
Tres Dragones Colombia,94,"San Diego, California","Caicedonia, Valle de Cauca Department, Colombia",Medium-Light,60/78,$25.00/12 ounces,Colombia,$25.00 ,12 ounces,25,12,2.083333333,60,78,
Kenya Nyeri Gachatha Washed AB,94,"Chia-Yi, Taiwan","Nyeri growing region, south-central Kenya",Medium-Light,58/76,NT $325/8 ounces,south-central Kenya,NT $325,8 ounces,325,8,40.625,58,76,
Ethiopia Niguse Gemeda Mude Natural,94,"Nantou, Taiwan","Hayisa Village, Bure Woreda, Sidama Zone, Ethiopia",Medium-Light,60/78,NT $900/227 grams,Ethiopia,NT $900,227 grams,900,8.007195894,112.3988987,60,78,
Colombia Huila Acevedo El Paraiso,94,"Chicago, Illinois","Huila Department, Colombia",Medium-Light,57/77,$25.00/12 ounces,Colombia,$25.00 ,12 ounces,25,12,2.083333333,57,77,
La Soledad Colombia,94,"Madison, Wisconsin","Urrao, Antioquia Department, Colombia",Medium-Light,58/80,$18.00/8 ounces,Colombia,$18.00 ,8 ounces,18,8,2.25,58,80,
Maypop,94,"Bogota, Colombia","Risaralda, Colombia",Medium-Light,56/72,$24.99/12 ounces,Colombia,$24.99 ,12 ounces,24.99,12,2.0825,56,72,
Ethiopia Guji Anaerobic,94,"Chicago, Illinois","Guji Zone, Oromia Region, southern Ethiopia",Medium-Light,57/73,$25.00/12 ounces,southern Ethiopia,$25.00 ,12 ounces,25,12,2.083333333,57,73,
Colombia Cardona Natural,94,"San Diego, California","Santa Barbara, Antioquia Department, Colombia",Light,62/80,$25.00/12 ounces,Colombia,$25.00 ,12 ounces,25,12,2.083333333,62,80,
Ethiopia Uraga Washed G1,94,"Bozeman, Montana","Guji Zone, Oromia Region, southern Ethiopia",Medium-Light,58/78,$17.95/12 ounces,southern Ethiopia,$17.95 ,12 ounces,17.95,12,1.495833333,58,78,
Ethiopia Keramo Village,94,"Redding, California","Sidamo growing region, south-central Ethiopia",Medium-Light,60/77,$30.00/300 grams,south-central Ethiopia,$30.00 ,300 grams,30,10.58219722,2.83495,60,77,
Ethiopia Guji Gerba Station G1 Natural Espresso,94,"Yilan, Taiwan","Gerbicho Rogicha, Bule Hora District, Guji Zone, Oromia Region, Ethiopia",Medium-Light,56/76,NT $450/200 grams,Ethiopia,NT $450,200 grams,450,7.054798145,63.786375,56,76,
Kenya AA Top Gathambi Station,94,"Yilan, Taiwan","Kirinyaga, Kenya",Medium-Light,58/76,NT $550/200 grams,Kenya,NT $550,200 grams,550,7.054798145,77.961125,58,76,
Ethiopia Sidamo Bensa Mirado Natural,94,"Kaohsiung, Taiwan","Sidamo growing region, south-central Ethiopia",Light,64/80,NT $500/227 grams,south-central Ethiopia,NT $500,227 grams,500,8.007195894,62.4438326,64,80,
Ethiopia Guji Hambela Kudume Yellow Honey,94,"Taipei, Taiwan","Guji Zone, Oromia Region, southern Ethiopia",Medium-Light,58/76,NT $630/225 grams,southern Ethiopia,NT $630,225 grams,630,7.936647913,79.3786,58,76,
Alaka Ethiopia,94,"Madison, Wisconsin","Hambela Wamena, Guji Zone, Oromia, Ethiopia",Medium-Light,62/78,$18.00/12 ounces,Ethiopia,$18.00 ,12 ounces,18,12,1.5,62,78,
Ethiopia Gogogu Bekaka #1,94,"Chicago, Illinois","Uraga, Guji Zone, Ethiopia",Light,64/86,$25.00/12 ounces,Ethiopia,$25.00 ,12 ounces,25,12,2.083333333,64,86,
Colombia La Esperanza Anaerobic,94,"Chicago, Illinois","Caicedonia, Valle de Cauca Department, Colombia",Medium-Light,54/74,$42.00/12 ounces,Colombia,$42.00 ,12 ounces,42,12,3.5,54,74,
Kenya Athena AB Espresso,94,"Taoyuan, Taiwan","Nyeri growing region, south-central Kenya",Medium,46/60,NT $850/8 ounces,south-central Kenya,NT $850,8 ounces,850,8,106.25,46,60,
Ethiopia Worka Sakaro Anaerobic Natural,94,"Floyd, Virginia","Gedeb District, Gedeo Zone, southern Ethiopia",Medium-Light,59/77,$19.49/12 ounces,southern Ethiopia,$19.49 ,12 ounces,19.49,12,1.624166667,59,77,
Guatemala Finca El General SummerEnd Espresso,94,"Chia-Yi, Taiwan","Acatenango growing region, Guatemala",Medium-Light,52/72,NT $225/8 ounces,Guatemala,NT $225,8 ounces,225,8,28.125,52,72,
Ethiopia Natural Yirgacheffe Adado Feysa Dira,94,"Chia-Yi, Taiwan","Yirgacheffe growing region, south-central Ethiopia",Medium-Light,58/76,NT $280/8 ounces,south-central Ethiopia,NT $280,8 ounces,280,8,35,58,76,
Ethiopia Yirgacheffe Washed Banko Gotiti 3,94,"Chia-Yi, Taiwan","Kochere, Yirgacheffe growing region, south-central Ethiopia",Medium-Light,58/80,NT $275/8 ounces,south-central Ethiopia,NT $275,8 ounces,275,8,34.375,58,80,
Guatemala Finca El General Slow Dry 6,94,"Chia-Yi, Taiwan","Acatenango growing region, central Guatemala",Medium-Light,58/78,NT $375/8 ounces,central Guatemala,NT $375,8 ounces,375,8,46.875,58,78,
Acatenango Santa Felisa Wild Yeast Natural Sudan Rume Full Moon Lot 4,94,"Chia-Yi, Taiwan","Acatenango growing region, central Guatemala",Medium-Light,60/76,NT $600/8 ounces,central Guatemala,NT $600,8 ounces,600,8,75,60,76,
Ethiopia Guji Uraga Tebe Burka Natural G1,94,"New Taipei City, Taiwan","Guji Zone, Oromia Region, Southern Ethiopia",Light,64/82,NT $550/250 grams,Southern Ethiopia,NT $550,250 grams,550,8.818497681,62.3689,64,82,
Colombia La Riviera Sudan Rume,94,"Bozeman, Montana","Risaralda, Caldas Department, Colombia",Medium-Light,58/76,$11.99/4 ounces,Colombia,$11.99 ,4 ounces,11.99,4,2.9975,58,76,
Costa Rica Black Honey,94,"Chia-Yi, Taiwan",Costa Rica,Medium-Light,58/76,NT $275/8 ounces,Costa Rica,NT $275,8 ounces,275,8,34.375,58,76,
Ethiopia Guji Mormora Organic Natural,94,"Bozeman, Montana","Guji Zone, southern Ethiopia",Light,62/80,$18.95/12 ounces,southern Ethiopia,$18.95 ,12 ounces,18.95,12,1.579166667,62,80,
Costa Rica La Rejolla Washed Geisha,94,"Branford, Connecticut","Lourdes de Naranjo, West Valley, Costa Rica",Medium-Light,58/80,$49.99/16 ounces,Costa Rica,$49.99 ,16 ounces,49.99,16,3.124375,58,80,
Guatemala Geisha,94,"Taipei, Taiwan","Huehuetenango Department, Guatemala",Light,62/80,NT $1000/200 grams,Guatemala,NT $1000,200 grams,1000,7.054798145,141.7475,62,80,
Peru Yanesha Geisha Washed Anaerobic,94,"Yilan, Taiwan","Pasco Department, Villa Rica, Peru",Medium-Light,59/77,NT $800/100 grams,Peru,NT $800,100 grams,800,3.527399072,226.796,59,77,
Colombia La Palma Y El Tucán Gesha Natural,94,"San Rafael, California","Cundinamarca Department, central Colombia",Medium-Light,56/72,$40.00/4 ounces,central Colombia,$40.00 ,4 ounces,40,4,10,56,72,
Colombia Trujillo Experimental Process,94,"San Diego, California","Santa Barbara, Antioquia Department, Colombia",Medium-Light,57/77,$25.00/12 ounces,Colombia,$25.00 ,12 ounces,25,12,2.083333333,57,77,
Ethiopia Durato Bombe Natural,94,"Tequesta, Florida","Bombe mountains, Sidama Region, southern Ethiopia",Light,64/80,$22.00/12 ounces,southern Ethiopia,$22.00 ,12 ounces,22,12,1.833333333,64,80,
Ethiopia Worka Sakaro Anaerobic Natural,94,"Albuquerque, New Mexico","Gedeb District, Gedeo Zone, southern Ethiopia",Medium,56/64,$16.00/12 ounces,southern Ethiopia,$16.00 ,12 ounces,16,12,1.333333333,56,64,
Ethiopia Buno Dambi Uddo,94,"San Diego, California","Odo Shakiso District, Western Guji, Ethiopia",Light,65/83,$25.00/12 ounces,Ethiopia,$25.00 ,12 ounces,25,12,2.083333333,65,83,
Colombia Java El Eden,94,"Durango, Colorado","Tolima Department, Colombia",Medium-Light,58/78,$19.95/12 ounces,Colombia,$19.95 ,12 ounces,19.95,12,1.6625,58,78,
Ethiopia Kochere Hama Jet Washing Station,94,"Taipei, Taiwan","Yirgacheffe growing region, southern Ethiopia",Light,64/84,NT $400/227 grams,southern Ethiopia,NT $400,227 grams,400,8.007195894,49.95506608,64,84,
Elida Estate Dragonfly Catuai Lot 13,94,"Henderson, Nevada","Boquete growing region, western Panama",Medium-Light,55/71,$22.50/12 ounces,western Panama,$22.50 ,12 ounces,22.5,12,1.875,55,71,
Elida Estate ASD Natural Catuai 15,94,"Henderson, Nevada","Boquete growing region, western Panama",Medium-Light,57/75,$30.00/12 ounces,western Panama,$30.00 ,12 ounces,30,12,2.5,57,75,
Chocolate Lover’s Espresso,94,"Taipei, Taiwan",Guatemala; Brazil; Colombia,Medium-Dark,39/53,NT $300/225 grams,Guatemala; Brazil; Colombia,NT $300,225 grams,300,7.936647913,37.79933333,39,53,
Classic MK Blend,94,"Taipei, Taiwan",Honduras; Guatemala; Colombia,Medium-Dark,36/48,NT $450/225 grams,Honduras; Guatemala; Colombia,NT $450,225 grams,450,7.936647913,56.699,36,48,
Espresso Blend,94,"New Taipei City, Taiwan",Not disclosed,Medium,51/64,NT $450/225 grams,Not disclosed,NT $450,225 grams,450,7.936647913,56.699,51,64,
Gigesa Ethiopia,94,"Madison, Wisconsin","Guji Zone, Oromia Region, Ethiopia",Light,62/80,$18.00/12 ounces,Ethiopia,$18.00 ,12 ounces,18,12,1.5,62,80,
Primavera Colombia Espresso,94,"Madison, Wisconsin","Huila Department, Colombia",Medium-Light,58/78,$19.00/12 ounces,Colombia,$19.00 ,12 ounces,19,12,1.583333333,58,78,
Ethiopia Guji Natural Euphora Special Lot,94,"Taipei, Taiwan","Guji Zone, Oromia Region, Southern Ethiopia",Medium-Light,59/79,NT $320/8 ounces,Southern Ethiopia,NT $320,8 ounces,320,8,40,59,79,
Ethiopia Bench Maji Gesha Village Oma Geisha 1931 Lot 55 Natural,94,"Taipei City, Taiwan","Bench-Maji Zone, Southern Ethiopia",Light,64/86,NT $755/113 grams,Southern Ethiopia,NT $755,113 grams,755,3.985960952,189.4148009,64,86,
Kona Lactic Washed,94,"Minneapolis, Minnesota","Kona, Big Island of Hawai’i",Medium-Light,60/76,$24.95/4 ounces,Big Island of Hawai’i,$24.95 ,4 ounces,24.95,4,6.2375,60,76,
Nicaragua La Bendicion Yellow Maracaturra Natural,94,"Minneapolis, Minnesota","Nueva Segovia, Nicaragua",Light,64/86,$14.95/6 ounces,Nicaragua,$14.95 ,6 ounces,14.95,6,2.491666667,64,86,
Kenya Gatomboya,94,"Truckee, California","Nyeri growing region, south-central Kenya",Medium-Light,56/76,$24.00/12 ounces,south-central Kenya,$24.00 ,12 ounces,24,12,2,56,76,
Cafe Granja La Esperanza Sudan Rume,94,"Hong Kong, China","Caicedonia, Valle del Cauca Department, Colombia",Medium-Light,59/77,$30.00/6 ounces,Colombia,$30.00 ,6 ounces,30,6,5,59,77,
Guatemala La Voz,94,"San Diego, California","San Juan La Laguna, Lake Atitlan, Guatemala",Medium-Light,58/76,$21.00/12 ounces,Guatemala,$21.00 ,12 ounces,21,12,1.75,58,76,
Panama Geisha,94,"Taichung, Taiwan","Chiriquí, Panama",Light,62/82,NT $1780/250 grams,Panama,NT $1780,250 grams,1780,8.818497681,201.84844,62,82,
La Reforma El Salvador Natural,94,"Madison, Wisconsin","Calzontes Arriba, Santa Ana Department, El Salvador",Medium-Light,58/77,$20.50/12 ounces,El Salvador,$20.50 ,12 ounces,20.5,12,1.708333333,58,77,
Kenya Karatina,94,"Sacramento, California","Nyeri County, Kenya",Medium-Light,56/74,$23.50/12 ounces,Kenya,$23.50 ,12 ounces,23.5,12,1.958333333,56,74,
Ethiopia Kayon Mountain Washed,94,"Lexington, Virginia","Odo Shakiso District, Guji Zone, southern Ethiopia",Medium-Light,60/78,$19.95/12 ounces,southern Ethiopia,$19.95 ,12 ounces,19.95,12,1.6625,60,78,
Colombia Gesha,94,"Manlius, New York","Aratoca, Santander Department, Colombia",Medium-Light,60/77,$27.00/12 ounces,Colombia,$27.00 ,12 ounces,27,12,2.25,60,77,
Kona Red Wine Process,94,"Minneapolis, Minnesota","Kona, Big Island of Hawai’i",Medium-Light,56/76,$24.95/4 ounces,Big Island of Hawai’i,$24.95 ,4 ounces,24.95,4,6.2375,56,76,
Guji Hamasho Washed,94,"Minneapolis, Minnesota","Bombe Mountains, Sidama growing region, Ethiopia",Medium-Light,56/82,$24.95/12 ounces,Ethiopia,$24.95 ,12 ounces,24.95,12,2.079166667,56,82,
Colombia La Esperanza Potosí Anaerobic Process,94,"Durango, Colorado","Caicedonia, Valle de Cauca Department, Colombia",Medium-Light,57/73,$18.95/12 ounces,Colombia,$18.95 ,12 ounces,18.95,12,1.579166667,57,73,
Yemen Port of Mokha Al-Jabal,94,"San Jose, California","Jabal Haraz, Sana’a Governorate, Yemen",Medium-Light,58/76,$29.99/5 ounces,Yemen,$29.99 ,5 ounces,29.99,5,5.998,58,76,
